% Encoding: windows-1252

@Article{christophel1990relationships,
  author    = {Christophel, Diane M},
  title     = {The relationships among teacher immediacy behaviors, student motivation, and learning},
  journal   = {Communication Education},
  year      = {1990},
  volume    = {39},
  number    = {4},
  pages     = {323--340},
  publisher = {Taylor \& Francis},
}

@Article{merrill1995tutoring,
  author    = {Merrill, Douglas C and Reiser, Brian J and Merrill, Shannon K and Landes, Shari},
  title     = {Tutoring: Guided learning by doing},
  journal   = {Cognition and instruction},
  year      = {1995},
  volume    = {13},
  number    = {3},
  pages     = {315--372},
  publisher = {Taylor \& Francis},
}

@InProceedings{charisi2015towards,
  author    = {Charisi, Vicki and Davison, Daniel and Wijnen, Frances and van der Meij, Jan and Reidsma, Dennis and Prescott, T.J. and van Joolingen, Wouter and Evers, Vanessa},
  title     = {{Towards a Child-Robot Symbiotic Co-Development: a Theoretical Approach}},
  booktitle = {Proceedings of the 4th International Symposium on New Frontiers in {HRI} at {AISB} 2015},
  year      = {2015},
}

@Article{thweatt1998impact,
  author    = {Thweatt, Katherine S and McCroskey, James C},
  title     = {The Impact of Teacher Immediacy and Misbehaviors on Teacher Credibility},
  journal   = {Communication Education},
  year      = {1998},
  volume    = {47},
  number    = {4},
  pages     = {348--358},
  publisher = {Taylor \& Francis},
}

@Article{okita2011current,
  author  = {Okita, Sandra Y and Jamalian, Azadeh},
  title   = {Current challenges in integrating educational technology into elementary and middle school mathematics education},
  journal = {Journal of Mathematics Education at Teachers College},
  year    = {2011},
  volume  = {2},
  number  = {2},
  pages   = {49--58},
}

@Article{kuhl2010brain,
  author    = {Kuhl, Patricia K},
  title     = {Brain mechanisms in early language acquisition},
  journal   = {Neuron},
  year      = {2010},
  volume    = {67},
  number    = {5},
  pages     = {713--727},
  publisher = {Elsevier},
}

@InProceedings{hasegawa2010role,
  author    = {Hasegawa, Dai and Cassell, Justine and Araki, Kenji},
  title     = {The role of embodiment and perspective in direction-giving systems},
  booktitle = {Proceedings of the AAAI Fall Workshop on Dialog with Robots},
  year      = {2010},
}

@Book{vygotsky1980mind,
  title     = {Mind in society: The development of higher psychological processes},
  publisher = {Harvard university press},
  year      = {1980},
  author    = {Vygotsky, Lev S},
}

@Article{bailenson2001equilibrium,
  author    = {Bailenson, J and Blascovich, Jim and Beall, A and Loomis, J},
  title     = {Equilibrium theory revisited: Mutual gaze and personal space in virtual environments},
  journal   = {Presence},
  year      = {2001},
  volume    = {10},
  number    = {6},
  pages     = {583--598},
  publisher = {MIT Press},
}

@TechReport{dofe2016privacy,
  author      = {{Department for Education}},
  title       = {Privacy notice: suggested text for pupils},
  institution = {Department for Education},
  year        = {2016},
}

@InProceedings{dalzel2011don,
  author    = {Dalzel-Job, Oberlander and Oberlander, Jon and Smith, Tim J},
  title     = {Don't Look Now: The relationship between mutual gaze, task performance and staring in Second Life},
  booktitle = {Proceedings of the 33rd Annual Conference of the Cognitive Science Society},
  year      = {2011},
  pages     = {832--837},
}

@Article{borgers2004response,
  author    = {Borgers, Natacha and Sikkel, Dirk and Hox, Joop},
  title     = {{Response Effects in Surveys on Children and Adolescents: The Effect of Number of Response Options, Negative Wording, and Neutral Mid-Point}},
  journal   = {Quality and Quantity},
  year      = {2004},
  volume    = {38},
  number    = {1},
  pages     = {17--33},
  publisher = {Springer},
}

@Book{askew1997effective,
  title     = {Effective teachers of numeracy},
  publisher = {London: Kings College},
  year      = {1997},
  author    = {Askew, Mike and Brown, Margeret and Rhodes, Valerie and Johnson, David and Wiliam, Dylan},
}

@InProceedings{huang2013modeling,
  author    = {Huang, Chien-Ming and Mutlu, Bilge},
  title     = {Modeling and Evaluating Narrative Gestures for Humanlike Robots},
  booktitle = {{Proceedings of the Robotics: Science and Systems Conference}},
  year      = {2013},
  series    = {RSS '13},
  location  = {Berlin, Germany},
}

@InProceedings{fukuda2012midas,
  author       = {Fukuda, Haruaki and Shiomi, Masahiro and Nakagawa, Kayako and Ueda, Kazuhiro},
  title        = {'Midas touch' in human-robot interaction: evidence from event-related potentials during the ultimatum game},
  booktitle    = {Proceedings of the 7th ACM/IEEE International Conference on Human-Robot Interaction},
  year         = {2012},
  pages        = {131--132},
  organization = {ACM},
}

@InProceedings{ramachandran2016shaping,
  author    = {Ramachandran, Aditi and Litoiu, Alexandru and Scassellati, Brian},
  title     = {Shaping Productive Help-Seeking Behavior During Robot-Child Tutoring Interactions},
  booktitle = {Proceedings of the 11th ACM/IEEE Conference on Human-Robot Interaction},
  year      = {2016},
  pages     = {247--254},
  publisher = {IEEE},
}

@InProceedings{walters2005influence,
  author       = {Walters, Michael L and Dautenhahn, Kerstin and Te Boekhorst, Ren{\'e} and Koay, Kheng Lee and Kaouri, Christina and Woods, Sarah and Nehaniv, Chrystopher and Lee, David and Werry, Iain},
  title        = {The influence of subjects' personality traits on personal spatial zones in a human-robot interaction experiment},
  booktitle    = {Robot and Human Interactive Communication, 2005. ROMAN 2005. IEEE International Workshop on},
  year         = {2005},
  pages        = {347--352},
  organization = {IEEE},
}

@Book{breazeal2002designing,
  title     = {Designing Sociable Robots},
  publisher = {MIT Press},
  year      = {2002},
  author    = {Breazeal, Cynthia},
  address   = {Cambridge, MA, USA},
  isbn      = {0262025108},
}

@Article{houston2006use,
  author    = {Houston-Price, Carmel and Plunkett, Kim and Duffy, Hester},
  title     = {The use of social and salience cues in early word learning},
  journal   = {Journal of Experimental Child Psychology},
  year      = {2006},
  volume    = {95},
  number    = {1},
  pages     = {27--55},
  publisher = {Elsevier},
}

@InProceedings{leite2015comparing,
  author       = {Leite, Iolanda and McCoy, Marissa and Ullman, Daniel and Salomons, Nicole and Scassellati, Brian},
  title        = {Comparing Models of Disengagement in Individual and Group Interactions},
  booktitle    = {{Proceedings of the 10th Annual ACM/IEEE International Conference on Human-Robot Interaction}},
  year         = {2015},
  pages        = {99--105},
  organization = {ACM},
}

@Article{wilson2007immediacy,
  author    = {Wilson, Janie H and Locker Jr, Lawrence},
  title     = {Immediacy scale represents four factors: Nonverbal and verbal components predict student outcomes},
  journal   = {The Journal of Classroom Interaction},
  year      = {2007},
  volume    = {42},
  number    = {2},
  pages     = {4--10},
  publisher = {JSTOR},
}

@InProceedings{dautenhahn2004robots,
  author       = {Dautenhahn, Kerstin},
  title        = {{Robots We Like To Live With?!-A Developmental Perspective on a Personalized, Life-Long Robot Companion}},
  booktitle    = {{Proceedings of the 13th IEEE International Workshop on Robot and Human Interactive Communication}},
  year         = {2004},
  series       = {RO-MAN 2004},
  pages        = {17--22},
  organization = {IEEE},
}

@Book{richmond1998nonverbal,
  title     = {{Nonverbal Communication in Interpersonal Relationships}},
  publisher = {Allyn and Bacon},
  year      = {1998},
  author    = {Richmond, V. P. and McCroskey, J. C.},
  edition   = {3},
  location  = {Boston, MA},
}

@InProceedings{mumm2011proxemics,
  author    = {Mumm, Jonathan and Mutlu, Bilge},
  title     = {Human-robot Proxemics: Physical and Psychological Distancing in Human-robot Interaction},
  booktitle = {Proceedings of the 6th International Conference on Human-robot Interaction},
  year      = {2011},
  series    = {HRI '11},
  pages     = {331--338},
  publisher = {ACM},
  doi       = {10.1145/1957656.1957786},
}

@Article{tronick1989emotions,
  author    = {Tronick, Edward Z},
  title     = {Emotions and emotional communication in infants},
  journal   = {American psychologist},
  year      = {1989},
  volume    = {44},
  number    = {2},
  pages     = {112},
  publisher = {American Psychological Association},
}

@Article{nicol2003social,
  author    = {Nicol, David and Minty, Ian and Sinclair, Christine},
  title     = {The social dimensions of online learning},
  journal   = {Innovations in education and Teaching International},
  year      = {2003},
  volume    = {40},
  number    = {3},
  pages     = {270--280},
  publisher = {Taylor \& Francis},
}

@InProceedings{karim2015review,
  author    = {Karim, Mohammad Ehsanul and Lemaignan, S{\'e}verin and Mondada, Francesco},
  title     = {A review: Can robots reshape K-12 STEM education?},
  booktitle = {Proceedings of the 2015 IEEE International Workshop on Advanced Robotics and its SOcial impacts},
  year      = {2015},
  number    = {EPFL-CONF-209219},
}

@Article{guskey2003classroom,
  author  = {Guskey, Thomas R},
  title   = {How classroom assessments improve learning},
  journal = {Educational Leadership},
  year    = {2003},
  volume  = {60},
  number  = {5},
  pages   = {6--11},
}

@Article{oneill2009sieve,
  author    = {O'Neill, Melissa E},
  title     = {The genuine sieve of Eratosthenes},
  journal   = {Journal of Functional Programming},
  year      = {2009},
  volume    = {19},
  number    = {01},
  pages     = {95--106},
  publisher = {Cambridge Univ Press},
}

@Article{holekamp2007questioning,
  author    = {Holekamp, Kay E},
  title     = {Questioning the social intelligence hypothesis},
  journal   = {Trends in cognitive sciences},
  year      = {2007},
  volume    = {11},
  number    = {2},
  pages     = {65--69},
  publisher = {Elsevier},
}

@Article{mori2012uncanny,
  author    = {Mori, Masahiro and MacDorman, Karl F and Kageki, Norri},
  title     = {The uncanny valley [from the field]},
  journal   = {Robotics \& Automation Magazine, IEEE},
  year      = {2012},
  volume    = {19},
  number    = {2},
  pages     = {98--100},
  publisher = {IEEE},
}

@Article{roediger2006power,
  author    = {Roediger, Henry L and Karpicke, Jeffrey D},
  title     = {The power of testing memory: Basic research and implications for educational practice},
  journal   = {Perspectives on Psychological Science},
  year      = {2006},
  volume    = {1},
  number    = {3},
  pages     = {181--210},
  publisher = {SAGE Publications},
}

@InProceedings{park2013providing,
  author       = {Park, Hae Won and Howard, Ayanna},
  title        = {Providing tablets as collaborative-task workspace for human-robot interaction},
  booktitle    = {Proceedings of the 8th ACM/IEEE international conference on Human-robot interaction},
  year         = {2013},
  pages        = {207--208},
  organization = {IEEE Press},
}

@Article{otteson1979effect,
  author    = {Otteson, James P and Otteson, Carol Rodning},
  title     = {Effect of teacher's gaze on children's story recall},
  journal   = {Perceptual and Motor Skills},
  year      = {1979},
  volume    = {50},
  number    = {1},
  pages     = {35--42},
  publisher = {Ammons Scientific},
}

@InProceedings{lee2011understanding,
  author       = {Lee, Min Kyung and Tang, Karen P and Forlizzi, Jodi and Kiesler, Sara},
  title        = {Understanding users' perception of privacy in human-robot interaction},
  booktitle    = {Proceedings of the 6th ACM/IEEE International Conference on Human-Robot Interaction},
  year         = {2011},
  pages        = {181--182},
  organization = {IEEE},
}

@Article{sharkey2015robot,
  author    = {Sharkey, Amanda},
  title     = {Robot teachers: The very idea!},
  journal   = {Behavioral and Brain Sciences},
  year      = {2015},
  volume    = {38},
  publisher = {Cambridge University Press},
}

@Book{bandura1977social,
  title     = {Social learning theory},
  publisher = {Prentice-Hall Englewood Cliffs, NJ},
  year      = {1977},
  author    = {Bandura, Albert and McClelland, David C},
}

@InProceedings{baylor2003effects,
  author    = {Baylor, Amy and Ryu, Jeeheon and Shen, E},
  title     = {The effects of pedagogical agent voice and animation on learning, motivation and perceived persona},
  booktitle = {World Conference on Educational Multimedia, Hypermedia and Telecommunications},
  year      = {2003},
  pages     = {452--458},
}

@TechReport{eurobarometer2012robots,
  author      = {{European Commission}},
  title       = {{Special Eurobarometer 382: Public Attitudes Towards Robots}},
  institution = {European Commission},
  year        = {2012},
  url         = {http://ec.europa.eu/public_opinion/archives/ebs/ebs_382_en.pdf},
}

@Article{sipila2010impact,
  author    = {Sipil{\"a}, Keijo},
  title     = {The impact of laptop provision on teacher attitudes towards ICT},
  journal   = {Technology, Pedagogy and Education},
  year      = {2010},
  volume    = {19},
  number    = {1},
  pages     = {3--16},
  publisher = {Taylor \& Francis},
}

@InProceedings{syrdal2007he,
  author    = {Syrdal, Dag Sverre and Walters, Michael L and Otero, Nuno and Koay, Kheng Lee and Dautenhahn, Kerstin},
  title     = {{``He Knows When You Are Sleeping'' -- Privacy and the Personal Robot Companion}},
  booktitle = {{Proceedings of the Workshop on Human Implications of Human--Robot Interaction, at Association for the Advancement of Artificial Intelligence (AAAI'07)}},
  year      = {2007},
  pages     = {28--33},
}

@InProceedings{kory2016lessons,
  author       = {Kory Westlund, Jacqueline and Gordon, Goren and Spaulding, Samuel and Lee, Jin Joo and Plummer, Luke and Martinez, Marayna and Das, Madhurima and Breazeal, Cynthia},
  title        = {{Lessons From Teachers on Performing HRI Studies with Young Children in Schools}},
  booktitle    = {Proceedings of the 11th ACM/IEEE International Conference on Human Robot Interation},
  year         = {2016},
  pages        = {383--390},
  organization = {IEEE Press},
}

@InCollection{beebe1992dyadic,
  author    = {Beatrice Beebe and Jospeh Jaffe and Frank Lachmann},
  title     = {A Dyadic Systems View of Communication},
  booktitle = {Relational Perspectives in Psychoanalysis},
  publisher = {Analytic Press},
  year      = {1992},
  editor    = {N Skolnick and S Warshaw},
}

@Article{shiomi2016touch,
  author    = {Shiomi, Masahiro and Nakagawa, Kayako and Shinozawa, Kazuhiko and Matsumura, Reo and Ishiguro, Hiroshi and Hagita, Norihiro},
  title     = {Does A Robot's Touch Encourage Human Effort?},
  journal   = {International Journal of Social Robotics},
  year      = {2016},
  pages     = {1--11},
  publisher = {Springer},
}

@Article{dimitrov2003pretest,
  author    = {Dimitrov, Dimiter M and Rumrill, Jr, Phillip D},
  title     = {Pretest-posttest designs and measurement of change},
  journal   = {Work: A Journal of Prevention, Assessment and Rehabilitation},
  year      = {2003},
  volume    = {20},
  number    = {2},
  pages     = {159--165},
  publisher = {IOS Press},
}

@Article{greene1977effects,
  author    = {Greene, Les R},
  title     = {Effects of verbal evaluation feedback and interpersonal distance on behavioral compliance.},
  journal   = {Journal of Counseling Psychology},
  year      = {1977},
  volume    = {24},
  number    = {1},
  pages     = {10},
  publisher = {American Psychological Association},
}

@Article{kelly2008gesture,
  author    = {Kelly, Spencer D and Manning, Sarah M and Rodak, Sabrina},
  title     = {Gesture gives a hand to language and learning: Perspectives from cognitive neuroscience, developmental psychology and education},
  journal   = {Language and Linguistics Compass},
  year      = {2008},
  volume    = {2},
  number    = {4},
  pages     = {569--588},
  publisher = {Wiley Online Library},
}

@InProceedings{bainbridge2008effect,
  author       = {Bainbridge, Wilma A and Hart, Justin and Kim, Elizabeth S and Scassellati, Brian},
  title        = {The effect of presence on human-robot interaction},
  booktitle    = {Proceedings of the 17th IEEE International Symposium on Robot and Human Interactive Communication},
  year         = {2008},
  series       = {RO-MAN 2008},
  pages        = {701--706},
  organization = {IEEE},
  doi          = {10.1109/ROMAN.2008.4600749},
}

@InProceedings{kennedy2013constraining,
  author       = {Kennedy, James and Baxter, Paul and Belpaeme, Tony},
  title        = {{Constraining Content in Mediated Unstructured Social Interactions: Studies in the Wild}},
  booktitle    = {Proceedings of the 5th International Workshop on Affective Interaction in Naturalistic Environments (AFFINE'13), at ACII'13},
  year         = {2013},
  pages        = {728--733},
  organization = {IEEE Computer Society},
}

@InProceedings{kennedy2014chatbot,
  author    = {Kennedy, James and de Greeff, Joachim and Read, Robin and Baxter, Paul and Belpaeme, Tony},
  title     = {The Chatbot Strikes Back},
  booktitle = {Proceedings of the 9th ACM/IEEE International Conference on Human-Robot Interaction},
  year      = {2014},
  series    = {HRI '14},
  pages     = {103--103},
  publisher = {ACM},
  doi       = {10.1145/2559636.2559650},
  location  = {Bielefeld, Germany},
}

@InCollection{zaga2015effect,
  author    = {Zaga, Cristina and Lohse, Manja and Truong, Khiet P and Evers, Vanessa},
  title     = {The Effect of a Robot's Social Character on Children's Task Engagement: Peer Versus Tutor},
  booktitle = {International Conference on Social Robotics},
  publisher = {Springer},
  year      = {2015},
  pages     = {704--713},
}

@InProceedings{looije2012help,
  author       = {Looije, Rosemarijn and van der Zalm, Anna and Neerincx, Mark A and Beun, Robbert-Jan},
  title        = {Help, {I} need some body the effect of embodiment on playful learning},
  booktitle    = {{Proceedings of the 21st IEEE International Symposium on Robot and Human Interactive Communication}},
  year         = {2012},
  series       = {RO-MAN 2012},
  pages        = {718--724},
  organization = {IEEE},
  doi          = {10.1109/ROMAN.2012.6343836},
}

@Article{krathwohl2002revision,
  author    = {Krathwohl, David R},
  title     = {{A revision of Bloom's taxonomy: An overview}},
  journal   = {Theory into practice},
  year      = {2002},
  volume    = {41},
  number    = {4},
  pages     = {212--218},
  publisher = {Taylor \& Francis},
}

@InProceedings{gockley2005designing,
  author       = {Gockley, Rachel and Bruce, Allison and Forlizzi, Jodi and Michalowski, Marek and Mundell, Anne and Rosenthal, Stephanie and Sellner, Brennan and Simmons, Reid and Snipes, Kevin and Schultz, Alan C and others},
  title        = {{Designing Robots for Long-Term Social Interaction}},
  booktitle    = {IEEE/RSJ International Conference on Intelligent Robots and Systems},
  year         = {2005},
  series       = {IROS '05},
  pages        = {1338--1343},
  organization = {IEEE},
}

@Article{bartneck2009does,
  author    = {Bartneck, Christoph and Kanda, Takayuki and Mubin, Omar and Al Mahmud, Abdullah},
  title     = {Does the design of a robot influence its animacy and perceived intelligence?},
  journal   = {International Journal of Social Robotics},
  year      = {2009},
  volume    = {1},
  number    = {2},
  pages     = {195--204},
  publisher = {Springer},
}

@Article{timms2016letting,
  author    = {Timms, Michael J},
  title     = {Letting Artificial Intelligence in Education Out of the Box: Educational Cobots and Smart Classrooms},
  journal   = {International Journal of Artificial Intelligence in Education},
  year      = {2016},
  pages     = {1--12},
  publisher = {Springer},
}

@Article{pfeiffer2013gaze,
  author    = {Pfeiffer, Ulrich J and Vogeley, Kai and Schilbach, Leonhard},
  title     = {From gaze cueing to dual eye-tracking: novel approaches to investigate the neural correlates of gaze in social interaction},
  journal   = {Neuroscience \& Biobehavioral Reviews},
  year      = {2013},
  volume    = {37},
  number    = {10},
  pages     = {2516--2528},
  publisher = {Elsevier},
}

@Article{anderson1975student,
  author  = {Anderson, Lorin W},
  title   = {Student involvement in learning and school achievement},
  journal = {California Journal of Educational Research},
  year    = {1975},
  volume  = {26},
  number  = {2},
  pages   = {53--62},
}

@InProceedings{admoni2011robot,
  author    = {Admoni, Henny and Bank, Caroline and Tan, Joshua and Toneva, Mariya and Scassellati, Brian},
  title     = {Robot gaze does not reflexively cue human attention},
  booktitle = {Processings of the 33rd Annual Conference of the Cognitive Science Society (CogSci 2011)},
  year      = {2011},
  pages     = {1983--1988},
}

@Article{gorham1988relationship,
  author    = {Gorham, Joan},
  title     = {The relationship between verbal teacher immediacy behaviors and student learning},
  journal   = {Communication Education},
  year      = {1988},
  volume    = {37},
  number    = {1},
  pages     = {40--53},
  publisher = {Taylor \& Francis},
}

@Article{tapus2008user,
  author    = {Tapus, Adriana and {\c{T}}{\u{a}}pu{\c{s}}, Cristian and Matari{\'c}, Maja J},
  title     = {{User--Robot Personality Matching and Assistive Robot Behavior Adaptation for Post-Stroke Rehabilitation Therapy}},
  journal   = {Intelligent Service Robotics},
  year      = {2008},
  volume    = {1},
  number    = {2},
  pages     = {169--183},
  publisher = {Springer},
}

@Book{reeves1996people,
  title     = {How people treat computers, television, and new media like real people and places},
  publisher = {CSLI Publications and Cambridge university press},
  year      = {1996},
  author    = {Reeves, Byron and Nass, Clifford},
}

@InProceedings{scott2004territoriality,
  author       = {Scott, Stacey D and Sheelagh, M and Carpendale, T and Inkpen, Kori M},
  title        = {Territoriality in collaborative tabletop workspaces},
  booktitle    = {Proceedings of the 2004 ACM conference on Computer supported cooperative work},
  year         = {2004},
  pages        = {294--303},
  organization = {ACM},
}

@Article{goldin1999teacher,
  author    = {Goldin-Meadow, Susan and Kim, San and Singer, Melissa},
  title     = {What the teacher's hands tell the student's mind about math},
  journal   = {Journal of Educational Psychology},
  year      = {1999},
  volume    = {91},
  number    = {4},
  pages     = {720--730},
  doi       = {10.1037/0022-0663.91.4.720},
  publisher = {American Psychological Association},
}

@Article{cook2008gesturing,
  author    = {Cook, Susan Wagner and Mitchell, Zachary and Goldin-Meadow, Susan},
  title     = {Gesturing makes learning last},
  journal   = {Cognition},
  year      = {2008},
  volume    = {106},
  number    = {2},
  pages     = {1047--1058},
  publisher = {Elsevier},
}

@InProceedings{butland1992teacher,
  author    = {Butland, Mark J and Beebe, Steven A},
  title     = {Teacher Immediacy and Power in the Classroom: The Application of Implicit Communication Theory},
  booktitle = {Proceedings of the Speech Communication Association Conference},
  year      = {1992},
  publisher = {ERIC},
}

@Article{weber2012testing,
  author    = {Weber, Ren{\'e} and Popova, Lucy},
  title     = {Testing equivalence in communication research: Theory and application},
  journal   = {Communication Methods and Measures},
  year      = {2012},
  volume    = {6},
  number    = {3},
  pages     = {190--213},
  publisher = {Taylor \& Francis},
}

@Article{mccroskey1996nonverbal,
  author    = {McCroskey, James C and Sallinen, Aino and Fayer, Joan M and Richmond, Virginia P and Barraclough, Robert A},
  title     = {Nonverbal Immediacy and Cognitive Learning: A Cross-Cultural Investigation},
  journal   = {Communication Education},
  year      = {1996},
  volume    = {45},
  number    = {3},
  pages     = {200--211},
  publisher = {Taylor \& Francis},
}

@Article{berkowitz1982external,
  author    = {Berkowitz, Leonard and Donnerstein, Edward},
  title     = {External validity is more than skin deep: Some answers to criticisms of laboratory experiments.},
  journal   = {American psychologist},
  year      = {1982},
  volume    = {37},
  number    = {3},
  pages     = {245},
  publisher = {American Psychological Association},
}

@Article{revelle2009coefficients,
  author    = {Revelle, William and Zinbarg, Richard E},
  title     = {Coefficients alpha, beta, omega, and the glb: Comments on Sijtsma},
  journal   = {Psychometrika},
  year      = {2009},
  volume    = {74},
  number    = {1},
  pages     = {145--154},
  publisher = {Springer},
}

@InProceedings{duffy2012suspension,
  author       = {Duffy, Brian R and Zawieska, Karolina},
  title        = {Suspension of disbelief in social robotics},
  booktitle    = {{Proceedings of the 21st IEEE International Symposium on Robot and Human Interactive Communication}},
  year         = {2012},
  series       = {RO-MAN 2012},
  pages        = {484--489},
  organization = {IEEE},
}

@InProceedings{hyun2008comparative,
  author       = {Hyun, E. and Kim, S. and Jang, S. and Park, S.},
  title        = {Comparative study of effects of language instruction program using intelligence robot and multimedia on linguistic ability of young children},
  booktitle    = {Proceedings of the 17th IEEE International Symposium on Robots and Human Interactive Communications},
  year         = {2008},
  series       = {RO-MAN 2008},
  pages        = {187--192},
  organization = {IEEE},
}

@InProceedings{baxter2012touchscreen,
  author    = {Baxter, Paul and Wood, Rachel and Belpaeme, Tony},
  title     = {A touchscreen-based 'sandtray' to facilitate, mediate and contextualise human-robot social interaction},
  booktitle = {Proceedings of the 7th annual ACM/IEEE international conference on Human-Robot Interaction},
  year      = {2012},
  pages     = {105--106},
  publisher = {ACM},
  doi       = {10.1145/2157689.2157707},
  isbn      = {978-1-4503-1063-5},
  location  = {Boston, Massachusetts, USA},
  numpages  = {2},
}

@Book{coleridge2004biographia,
  title     = {Biographia Literaria},
  publisher = {Project Gutenberg},
  year      = {1817},
  author    = {Samuel Taylor Coleridge},
  note      = {republished in 2004 by Project Gutenberg},
}

@Article{jung2004effects,
  author  = {Jung, Younbo and Lee, Kwan Min},
  title   = {Effects of physical embodiment on social presence of social robots},
  journal = {Proceedings of Presence},
  year    = {2004},
  pages   = {80--87},
}

@Article{freedman2000links,
  author    = {Freedman, Reva and Ali, Syed S and McRoy, Susan},
  title     = {What is an Intelligent Tutoring System?},
  journal   = {Intelligence},
  year      = {2000},
  volume    = {11},
  number    = {3},
  pages     = {15--16},
  publisher = {ACM},
}

@InProceedings{tang2006collaborative,
  author       = {Tang, Anthony and Tory, Melanie and Po, Barry and Neumann, Petra and Carpendale, Sheelagh},
  title        = {Collaborative coupling over tabletop displays},
  booktitle    = {Proceedings of the SIGCHI conference on Human Factors in computing systems},
  year         = {2006},
  pages        = {1181--1190},
  organization = {ACM},
}

@InProceedings{becker2013affective,
  author       = {Becker-Asano, Christian and Stahl, Philip and Ragni, Marco and Courgeon, Matthieu and Martin, Jean-Claude and Nebel, Bernhard},
  title        = {An affective virtual agent providing embodied feedback in the paired associate task: system design and evaluation},
  booktitle    = {Intelligent Virtual Agents},
  year         = {2013},
  pages        = {406--415},
  organization = {Springer},
}

@Article{zaki2013cue,
  author    = {Zaki, Jamil},
  title     = {Cue integration a common framework for social cognition and physical perception},
  journal   = {Perspectives on Psychological Science},
  year      = {2013},
  volume    = {8},
  number    = {3},
  pages     = {296--312},
  publisher = {Sage Publications},
}

@Article{schuirmann1987comparison,
  author    = {Schuirmann, Donald J},
  title     = {A comparison of the two one-sided tests procedure and the power approach for assessing the equivalence of average bioavailability},
  journal   = {Journal of pharmacokinetics and biopharmaceutics},
  year      = {1987},
  volume    = {15},
  number    = {6},
  pages     = {657--680},
  publisher = {Springer},
}

@InProceedings{jeong2015interested,
  author       = {Jeong, Seongmi and Gu, Jihyang and Shin, Dong-Hee},
  title        = {I am Interested in What You are Saying: Role of Nonverbal Immediacy Cues in Listening},
  booktitle    = {Proceedings of the Tenth Annual ACM/IEEE International Conference on Human-Robot Interaction Extended Abstracts},
  year         = {2015},
  pages        = {129--130},
  organization = {ACM},
}

@Article{zarbatany1985social,
  author  = {Zarbatany, Lynne and Lamb, Michael E},
  title   = {Social referencing as a function of information source: Mothers versus strangers},
  journal = {Infant Behavior and Development},
  year    = {1985},
  volume  = {8},
  number  = {1},
  pages   = {25--33},
}

@Article{bloom1984sigma,
  author    = {Bloom, Benjamin S},
  title     = {The 2 sigma problem: The search for methods of group instruction as effective as one-to-one tutoring},
  journal   = {Educational researcher},
  year      = {1984},
  pages     = {4--16},
  publisher = {JSTOR},
}

@Article{gueguen2002touch,
  author    = {Gu{\'e}guen, Nicolas},
  title     = {Touch, awareness of touch, and compliance with a request},
  journal   = {Perceptual and motor skills},
  year      = {2002},
  volume    = {95},
  number    = {2},
  pages     = {355--360},
  publisher = {Ammons Scientific},
}

@Article{fridin2014acceptance,
  author    = {Fridin, Marina and Belokopytov, Mark},
  title     = {Acceptance of socially assistive humanoid robot by preschool and elementary school teachers},
  journal   = {Computers in Human Behavior},
  year      = {2014},
  volume    = {33},
  pages     = {23--31},
  publisher = {Elsevier},
}

@Article{dipiro2010student,
  author  = {DiPiro, J.T.},
  title   = {Student Learning: Perception versus Reality},
  journal = {American Journal of Pharmaceutical Education},
  year    = {2010},
  volume  = {74},
  number  = {4},
  pages   = {63},
}

@Article{mayer2002rote,
  author    = {Mayer, Richard E},
  title     = {Rote versus meaningful learning},
  journal   = {Theory into practice},
  year      = {2002},
  volume    = {41},
  number    = {4},
  pages     = {226--232},
  publisher = {Taylor \& Francis},
}

@Book{HRI2017hri,
  title     = {HRI '17: Proceedings of the 2017 ACM/IEEE International Conference on Human-Robot Interaction},
  publisher = {ACM},
  year      = {2017},
  author    = {Mutlu, Bilge and Tscheligi, M},
  address   = {New York, USA},
  isbn      = {978-1-4503-4336-7},
  location  = {Vienna, Austria},
}

@Article{kennedy2015comparing,
  author    = {Kennedy, James and Baxter, Paul and Belpaeme, Tony},
  title     = {{Comparing Robot Embodiments in a Guided Discovery Learning Interaction with Children}},
  journal   = {International Journal of Social Robotics},
  year      = {2015},
  volume    = {7},
  number    = {2},
  pages     = {293--308},
  doi       = {10.1007/s12369-014-0277-4},
  publisher = {Springer},
}

@Article{bainbridge2011benefits,
  author    = {Bainbridge, Wilma A and Hart, Justin W and Kim, Elizabeth S and Scassellati, Brian},
  title     = {The benefits of interactions with physically present robots over video-displayed agents},
  journal   = {International Journal of Social Robotics},
  year      = {2011},
  volume    = {3},
  number    = {1},
  pages     = {41--52},
  publisher = {Springer},
}

@Article{beranuy2009problematic,
  author    = {Beranuy, Marta and Oberst, Ursula and Carbonell, Xavier and Chamarro, Ander},
  title     = {Problematic Internet and mobile phone use and clinical symptoms in college students: The role of emotional intelligence},
  journal   = {Computers in human behavior},
  year      = {2009},
  volume    = {25},
  number    = {5},
  pages     = {1182--1187},
  publisher = {Elsevier},
}

@Article{alfieri2011does,
  author    = {Alfieri, Louis and Brooks, Patricia J and Aldrich, Naomi J and Tenenbaum, Harriet R},
  title     = {Does discovery-based instruction enhance learning?},
  journal   = {Journal of Educational Psychology},
  year      = {2011},
  volume    = {103},
  number    = {1},
  pages     = {1},
  publisher = {American Psychological Association},
}

@Article{hulme1989working,
  author  = {Charles Hulme and Vicki Tordoff},
  title   = {Working memory development: The effects of speech rate, word length, and acoustic similarity on serial recall},
  journal = {Journal of Experimental Child Psychology},
  year    = {1989},
  volume  = {47},
  number  = {1},
  pages   = {72--87},
  doi     = {10.1016/0022-0965(89)90063-5},
}

@Article{fong2003survey,
  author    = {Fong, Terrence and Nourbakhsh, Illah and Dautenhahn, Kerstin},
  title     = {A survey of socially interactive robots},
  journal   = {Robotics and autonomous systems},
  year      = {2003},
  volume    = {42},
  number    = {3},
  pages     = {143--166},
  publisher = {Elsevier},
}

@PhdThesis{setapen2012creating,
  author = {Setapen, Adam Adam Michael},
  title  = {Creating robotic characters for long-term interaction},
  school = {Massachusetts Institute of Technology},
  year   = {2012},
}

@Article{okumura2013power,
  author    = {Okumura, Yuko and Kanakogi, Yasuhiro and Kanda, Takayuki and Ishiguro, Hiroshi and Itakura, Shoji},
  title     = {The power of human gaze on infant learning},
  journal   = {Cognition},
  year      = {2013},
  volume    = {128},
  number    = {2},
  pages     = {127--133},
  publisher = {Elsevier},
}

@InProceedings{westlund2015interplay,
  author       = {Westlund, Jacqueline Kory and Breazeal, Cynthia},
  title        = {{The Interplay of Robot Language Level with Children's Language Learning during Storytelling}},
  booktitle    = {{Proceedings of the 10th ACM/IEEE International Conference on Human-Robot Interaction Extended Abstracts}},
  year         = {2015},
  pages        = {65--66},
  organization = {ACM},
}

@Article{teo2008pre,
  author  = {Teo, Timothy},
  title   = {Pre-service teachers' attitudes towards computer use: A Singapore survey},
  journal = {Australasian Journal of Educational Technology},
  year    = {2008},
  volume  = {24},
  number  = {4},
}

@Book{richmond1987nonverbal,
  title     = {Nonverbal Behavior in Interpersonal Relations},
  publisher = {Prentice-Hall},
  year      = {1987},
  author    = {Richmond, Virginia and McCroskey, James and Payne, Steven},
}

@Article{hiroi2011influence,
  author  = {Hiroi, Yutaka and Ito, Akinori},
  title   = {Influence of the size factor of a mobile robot moving toward a human on subjective acceptable distance},
  journal = {Mobile Robots — Current Trends},
  year    = {2011},
  pages   = {177--190},
  doi     = {10.5772/26512},
}

@InProceedings{boucher2010facilitative,
  author    = {Boucher, Jean-David and Ventre-Dominey, Jocelyne and Dominey, Peter Ford and Fagel, Sacha and Bailly, Gerard},
  title     = {Facilitative Effects of Communicative Gaze and Speech in Human-robot Cooperation},
  booktitle = {Proceedings of the 3rd International Workshop on Affective Interaction in Natural Environments},
  year      = {2010},
  series    = {AFFINE '10},
  pages     = {71--74},
  address   = {New York, NY, USA},
  publisher = {ACM},
  acmid     = {1877845},
  doi       = {10.1145/1877826.1877845},
  isbn      = {978-1-4503-0170-1},
  location  = {Firenze, Italy},
  numpages  = {4},
}

@Article{guttman1945basis,
  author    = {Guttman, Louis},
  title     = {A basis for analyzing test-retest reliability},
  journal   = {Psychometrika},
  year      = {1945},
  volume    = {10},
  number    = {4},
  pages     = {255--282},
  publisher = {Springer},
}

@InProceedings{takayama2009influences,
  author    = {Takayama, Leila and Pantofaru, C.},
  title     = {Influences on proxemic behaviors in human-robot interaction},
  booktitle = {IEEE/RSJ International Conference on Intelligent Robots and Systems},
  year      = {2009},
  pages     = {5495-5502},
  doi       = {10.1109/IROS.2009.5354145},
}

@Article{langton2000you,
  author    = {Langton, Stephen RH and Bruce, Vicki},
  title     = {You must see the point: Automatic processing of cues to the direction of social attention.},
  journal   = {Journal of Experimental Psychology: Human Perception and Performance},
  year      = {2000},
  volume    = {26},
  number    = {2},
  pages     = {747},
  publisher = {American Psychological Association},
}

@InProceedings{baillie2008urbi,
  author    = {Baillie, Jean-Christophe and Demaille, Akim and Hocquet, Quentin and Nottale, Matthieu and Tardieu, Samuel},
  title     = {{The Urbi Universal Platform for Robotics}},
  booktitle = {Workshop Proceedings of the International Conference on Simulation, Modeling and Programming for Autonomous Robots},
  year      = {2008},
  series    = {SIMPAR 2008},
  pages     = {580--591},
}

@Article{breazeal2004social,
  author    = {Breazeal, C.},
  title     = {Social interactions in {HRI}: the robot view},
  journal   = {{IEEE Transactions on Systems, Man, and Cybernetics, Part C: Applications and Reviews}},
  year      = {2004},
  volume    = {34},
  number    = {2},
  pages     = {181--186},
  doi       = {10.1109/TSMCC.2004.826268},
  publisher = {IEEE},
}

@Article{biocca2003toward,
  author    = {Biocca, Frank and Harms, Chad and Burgoon, Judee K},
  title     = {Toward a more robust theory and measure of social presence: Review and suggested criteria},
  journal   = {Presence: Teleoperators \& Virtual Environments},
  year      = {2003},
  volume    = {12},
  number    = {5},
  pages     = {456--480},
  publisher = {MIT Press},
}

@InProceedings{baxter2014pervasive,
  author    = {Baxter, Paul and Belpaeme, Tony},
  title     = {{Pervasive Memory: the Future of Long-Term Social HRI Lies in the Past}},
  booktitle = {{Third International Symposium on New Frontiers in Human-Robot Interaction at AISB}},
  year      = {2014},
}

@InProceedings{leite2013managing,
  author       = {Leite, Iolanda and Hajishirzi, Hannaneh and Andrist, Sean and Lehman, Jill},
  title        = {Managing chaos: models of turn-taking in character-multichild interactions},
  booktitle    = {Proceedings of the 15th ACM International Conference on Multimodal Interaction},
  year         = {2013},
  pages        = {43--50},
  organization = {ACM},
}

@Article{fisher1976hands,
  author    = {Fisher, Jeffrey D and Rytting, Marvin and Heslin, Richard},
  title     = {Hands touching hands: Affective and evaluative effects of an interpersonal touch},
  journal   = {Sociometry},
  year      = {1976},
  pages     = {416--421},
  publisher = {JSTOR},
}

@InProceedings{sharma2013communicating,
  author    = {Sharma, Megha and Hildebrandt, Dale and Newman, Gem and Young, James E. and Eskicioglu, Rasit},
  title     = {Communicating Affect via Flight Path: Exploring Use of the Laban Effort System for Designing Affective Locomotion Paths},
  booktitle = {Proceedings of the 8th ACM/IEEE International Conference on Human-robot Interaction},
  year      = {2013},
  series    = {HRI '13},
  pages     = {293--300},
}

@InProceedings{kennedy2014children,
  author    = {Kennedy, James and Baxter, Paul and Belpaeme, Tony},
  title     = {{Children Comply with a Robot's Indirect Requests}},
  booktitle = {Proceedings of the 9th ACM/IEEE International Conference on Human-Robot Interaction},
  year      = {2014},
  pages     = {198--199},
  doi       = {10.1145/2559636.2559820},
  location  = {Bielefeld, Germany},
}

@InProceedings{lemaignan2016real,
  author       = {Lemaignan, S{\'e}verin and Garcia, Fernando and Jacq, Alexis and Dillenbourg, Pierre},
  title        = {From Real-time Attention Assessment to ``With-me-ness'' in Human-Robot Interaction},
  booktitle    = {Proceedings of the 11th ACM/IEEE International Conference on Human-Robot Interaction},
  year         = {2016},
  organization = {IEEE},
}

@Article{destephe2015walking,
  author    = {Destephe, Matthieu and Brandao, Martim and Kishi, Tatsuhiro and Zecca, Massimiliano and Hashimoto, Kenji and Takanishi, Atsuo},
  title     = {Walking in the uncanny valley: importance of the attractiveness on the acceptance of a robot as a working partner},
  journal   = {Frontiers in psychology},
  year      = {2015},
  volume    = {6},
  publisher = {Frontiers Media SA},
}

@InProceedings{ham2011influence,
  author    = {Ham, Jaap and Bokhorst, Rene and Cabibihan, J},
  title     = {The influence of gazing and gestures of a storytelling robot on its persuasive power},
  booktitle = {{International Conference on Social Robotics}},
  year      = {2011},
}

@Article{kim2012anthropomorphism,
  author    = {Kim, Youjeong and Sundar, S Shyam},
  title     = {Anthropomorphism of computers: Is it mindful or mindless?},
  journal   = {Computers in Human Behavior},
  year      = {2012},
  volume    = {28},
  number    = {1},
  pages     = {241--250},
  publisher = {Elsevier},
}

@TechReport{coe2014makes,
  author      = {Coe, Robert and Aloisi, Cesare and Higgns, Steve and Major, Lee Elliot},
  title       = {{What makes great teaching? Review of the underpinning research}},
  institution = {Sutton Trust},
  year        = {2014},
}

@Article{morse2015posture,
  author    = {Morse, Anthony F and Benitez, Viridian L and Belpaeme, Tony and Cangelosi, Angelo and Smith, Linda B},
  title     = {Posture affects how robots and infants map words to objects},
  journal   = {PloS one},
  year      = {2015},
  volume    = {10},
  number    = {3},
  pages     = {e0116012},
  publisher = {Public Library of Science},
}

@PhdThesis{kidd2008designing,
  author    = {Kidd, Cory David},
  title     = {Designing for Long-term Human-robot Interaction and Application to Weight Loss},
  school    = {Massachusetts Institute of Technology},
  year      = {2008},
  address   = {Cambridge, MA, USA},
  note      = {AAI0819995},
  advisor   = {Breazeal, Cynthia},
  publisher = {Massachusetts Institute of Technology},
}

@InProceedings{fulford1992systematically,
  author    = {Fulford, Catherine P},
  title     = {Systematically Designed Text Enhanced with Compressed Speech Audio.},
  booktitle = {Proceedings of Selected Research and Development Presentations at the Convention of the Association for Educational Communications and Technology},
  year      = {1992},
}

@InProceedings{tanaka2015pepper,
  author       = {Tanaka, Fumihide and Isshiki, Kyosuke and Takahashi, Fumiki and Uekusa, Manabu and Sei, Rumiko and Hayashi, Kaname},
  title        = {Pepper learns together with children: Development of an educational application},
  booktitle    = {IEEE-RAS 15th International Conference on Humanoid Robots},
  year         = {2015},
  series       = {HUMANOIDS 2015},
  pages        = {270--275},
  organization = {IEEE},
}

@InProceedings{brown2013applying,
  author       = {Brown, LaVonda and Kerwin, Ryan and Howard, Ayanna M},
  title        = {Applying Behavioral Strategies for Student Engagement Using a Robotic Educational Agent},
  booktitle    = {{2013 IEEE International Conference on Systems, Man, and Cybernetics (SMC)}},
  year         = {2013},
  pages        = {4360--4365},
  organization = {IEEE},
}

@Article{kennedy2016nonverbal,
  author  = {Kennedy, James and Baxter, Paul and Belpaeme, Tony},
  title   = {{Nonverbal Immediacy as a Characterisation of Social Behaviour for Human-Robot Interaction}},
  journal = {International Journal of Social Robotics},
  year    = {2017},
  volume  = {9},
  number  = {1},
  pages   = {109--128},
  doi     = {10.1007/s12369-016-0378-3},
}

@Article{shamsuddin2012initial,
  author    = {Shamsuddin, Syamimi and Yussof, Hanafiah and Ismail, Luthffi Idzhar and Mohamed, Salina and Hanapiah, Fazah Akhtar and Zahari, Nur Ismarrubie},
  title     = {Initial response in HRI-a case study on evaluation of child with autism spectrum disorders interacting with a humanoid robot Nao},
  journal   = {Procedia Engineering},
  year      = {2012},
  volume    = {41},
  pages     = {1448--1455},
  publisher = {Elsevier},
}

@Article{macario1991young,
  author    = {Macario, Jason F},
  title     = {Young children's use of color in classification: Foods and canonically colored objects},
  journal   = {Cognitive Development},
  year      = {1991},
  volume    = {6},
  number    = {1},
  pages     = {17--46},
  publisher = {Elsevier},
}

@Article{baxter2016robot,
  author  = {Paul Baxter and Emily Ashurst and Robin Read and James Kennedy and Tony Belpaeme},
  title   = {{Robot Education Peers in a Situated Primary School Study: Personalisation Promotes Child Learning}},
  journal = {PLOS ONE},
  year    = {undergoing revisions},
}

@Book{rogoff1990apprenticeship,
  title     = {Apprenticeship in thinking: Cognitive development in social context},
  publisher = {Oxford University Press},
  year      = {1990},
  author    = {Rogoff, Barbara},
}

@Article{kalyuga2008relative,
  author    = {Kalyuga, Slava},
  title     = {Relative effectiveness of animated and static diagrams: An effect of learner prior knowledge},
  journal   = {Computers in Human Behavior},
  year      = {2008},
  volume    = {24},
  number    = {3},
  pages     = {852--861},
  publisher = {Elsevier},
}

@Article{serholt2016classroom,
  author  = {Serholt, Sofia and Barendregt, Wolmet and Vasalou, Asimina and Alves-Oliveira, Patr{\'i}cia and Jones, Aidan and Petisca, Sofia and Paiva, Ana},
  title   = {The case of classroom robots: teachers' deliberations on the ethical tensions},
  journal = {AI {\&} Society},
  year    = {2016},
  pages   = {1--19},
  doi     = {10.1007/s00146-016-0667-2},
  url     = {http://dx.doi.org/10.1007/s00146-016-0667-2},
}

@InProceedings{stanton2008robotic,
  author       = {Stanton, Cady M and Kahn, Peter H and Severson, Rachel L and Ruckert, Jolina H and Gill, Brian T},
  title        = {Robotic animals might aid in the social development of children with autism},
  booktitle    = {Human-Robot Interaction (HRI), 2008 3rd ACM/IEEE International Conference on},
  year         = {2008},
  pages        = {271--278},
  organization = {IEEE},
}

@Book{board2015language,
  title     = {Language Trends 2014/15: The state of language learning in primary and secondary schools in England},
  publisher = {CfBT Education Trust},
  year      = {2015},
  author    = {Kathryn Board and Teresa Tinsley},
}

@Article{li2015benefit,
  author    = {Li, Jamy},
  title     = {The benefit of being physically present: a survey of experimental works comparing copresent robots, telepresent robots and virtual agents},
  journal   = {International Journal of Human-Computer Studies},
  year      = {2015},
  volume    = {77},
  pages     = {23--37},
  publisher = {Elsevier},
}

@Article{de1998scientific,
  author    = {De Jong, Ton and Van Joolingen, Wouter R},
  title     = {Scientific discovery learning with computer simulations of conceptual domains},
  journal   = {Review of educational research},
  year      = {1998},
  volume    = {68},
  number    = {2},
  pages     = {179--201},
  publisher = {Sage Publications},
}

@InProceedings{nalin2012children,
  author       = {Nalin, Marco and Baroni, Ilaria and Kruijff-Korbayov{\'a}, Ivana and Canamero, Lola and Lewis, Matthew and Beck, Aryel and Cuay{\'a}huitl, Heriberto and Sanna, Alberto},
  title        = {Children's adaptation in multi-session interaction with a humanoid robot},
  booktitle    = {RO-MAN, 2012 IEEE},
  year         = {2012},
  pages        = {351--357},
  organization = {IEEE},
}

@Article{goldin2005our,
  author    = {Goldin-Meadow, Susan and Wagner, Susan M},
  title     = {How our hands help us learn},
  journal   = {Trends in Cognitive Sciences},
  year      = {2005},
  volume    = {9},
  number    = {5},
  pages     = {234--241},
  publisher = {Elsevier},
}

@Article{morse2011role,
  author    = {Morse, Anthony F and Herrera, Carlos and Clowes, Robert and Montebelli, Alberto and Ziemke, Tom},
  title     = {The role of robotic modelling in cognitive science},
  journal   = {New ideas in psychology},
  year      = {2011},
  volume    = {29},
  number    = {3},
  pages     = {312--324},
  publisher = {Elsevier},
}

@Article{goodrich2007human,
  author    = {Goodrich, Michael A and Schultz, Alan C},
  title     = {Human-Robot Interaction: A Survey},
  journal   = {Foundations and Trends in Human-Computer Interaction},
  year      = {2007},
  volume    = {1},
  number    = {3},
  pages     = {203--275},
  publisher = {now Publishers Inc.},
}

@Article{kuhl2007cracking,
  author    = {Kuhl, Patricia K},
  title     = {Cracking the speech code: How infants learn language},
  journal   = {Acoustical Science and Technology},
  year      = {2007},
  volume    = {28},
  number    = {2},
  pages     = {71--83},
  publisher = {Acoustical Society of Japan},
}

@InProceedings{spaulding2016affect,
  author       = {Spaulding, Samuel and Gordon, Goren and Breazeal, Cynthia},
  title        = {Affect-Aware Student Models for Robot Tutors},
  booktitle    = {Proceedings of the 2016 International Conference on Autonomous Agents \& Multiagent Systems},
  year         = {2016},
  pages        = {864--872},
  organization = {International Foundation for Autonomous Agents and Multiagent Systems},
}

@Article{comstock1995food,
  author    = {Comstock, Jamie and Rowell, Elisa and Bowers, John Waite},
  title     = {Food for thought: Teacher nonverbal immediacy, student learning, and curvilinearity},
  journal   = {Communication Education},
  year      = {1995},
  volume    = {44},
  number    = {3},
  pages     = {251--266},
  publisher = {Taylor \& Francis},
}

@Article{kelley1988effects,
  author    = {Kelley, Derek H and Gorham, Joan},
  title     = {Effects of immediacy on recall of information},
  journal   = {Communication Education},
  year      = {1988},
  volume    = {37},
  number    = {3},
  pages     = {198--207},
  publisher = {Taylor \& Francis},
}

@InProceedings{powers2007comparing,
  author       = {Powers, Aaron and Kiesler, Sara and Fussell, Susan and Torrey, Cristen},
  title        = {Comparing a computer agent with a humanoid robot},
  booktitle    = {{Proceedings of the 2nd ACM/IEEE International Conference on Human-Robot Interaction}},
  year         = {2007},
  pages        = {145--152},
  organization = {IEEE},
}

@Article{beiker2012legal,
  author    = {Beiker, Sven A},
  title     = {Legal aspects of autonomous driving},
  journal   = {Santa Clara L. Rev.},
  year      = {2012},
  volume    = {52},
  pages     = {1145},
  publisher = {HeinOnline},
}

@Article{joosse2013behave,
  author    = {Joosse, Michiel and Sardar, Aziez and Lohse, Manja and Evers, Vanessa},
  title     = {{BEHAVE-II: The Revised Set of Measures to Assess Users' Attitudinal and Behavioral Responses to a Social Robot}},
  journal   = {International Journal of Social Robotics},
  year      = {2013},
  volume    = {5},
  number    = {3},
  pages     = {379--388},
  publisher = {Springer},
}

@InProceedings{kahn2004social,
  author       = {Kahn Jr, Peter H and Freier, Nathan G and Friedman, Batya and Severson, Rachel L and Feldman, Erika N},
  title        = {Social and moral relationships with robotic others?},
  booktitle    = {Proceedings of the 13th IEEE International Workshop on Robot and Human Interactive Communication},
  year         = {2004},
  pages        = {545--550},
  organization = {IEEE},
  seies        = {RO-MAN 2004},
}

@Article{smith1994misconceptions,
  author    = {Smith III, John P and Disessa, Andrea A and Roschelle, Jeremy},
  title     = {Misconceptions reconceived: A constructivist analysis of knowledge in transition},
  journal   = {The journal of the learning sciences},
  year      = {1994},
  volume    = {3},
  number    = {2},
  pages     = {115--163},
  doi       = {10.1207/s15327809jls0302_1},
  publisher = {Taylor \& Francis},
}

@Article{leite2014empathic,
  author  = {Leite, Iolanda and Castellano, Ginevra and Pereira, Andr{\'e} and Martinho, Carlos and Paiva, Ana},
  title   = {{Empathic Robots for Long-term Interaction}},
  journal = {International Journal of Social Robotics},
  year    = {2014},
  volume  = {6},
  number  = {3},
  pages   = {329--341},
}

@Article{chesebro2000relationship,
  author    = {Chesebro, Joseph L and McCroskey, James C},
  title     = {The relationship between students' reports of learning and their actual recall of lecture material: A validity test},
  journal   = {Communication Education},
  year      = {2000},
  volume    = {49},
  number    = {3},
  pages     = {297--301},
  publisher = {Taylor \& Francis},
}

@InProceedings{mccroskey1994assessment,
  author    = {McCroskey, JC and Morreale, S and Brooks, M},
  title     = {Assessment of affect toward communication and affect toward instruction in communication},
  booktitle = {1994 SCA summer conference proceedings and prepared remarks: Assessing college student competence in speech communication},
  year      = {1994},
  publisher = {Speech Communication Association},
  location  = {Annandale, VA},
}

@InProceedings{wu2010social,
  author    = {Wu, Rachel and Gopnik, Alison and Richardson, Daniel C and Kirkham, Natasha Z},
  title     = {Social cues support learning about objects from statistics in infancy},
  booktitle = {Proceedings of the 32nd annual conference of the cognitive science society},
  year      = {2010},
  pages     = {1228--1233},
}

@InProceedings{sung2009robots,
  author       = {Sung, JaYoung and Christensen, Henrik I and Grinter, Rebecca E},
  title        = {Robots in the wild: understanding long-term use},
  booktitle    = {{Prcoeedings of the 4th ACM/IEEE International Conference on Human-Robot Interaction}},
  year         = {2009},
  pages        = {45--52},
  organization = {IEEE},
}

@InCollection{calo2011privacy,
  author    = {M. Ryan Calo},
  title     = {Robots and Privacy},
  booktitle = {Robot ethics: the ethical and social implications of robotics},
  publisher = {MIT press},
  year      = {2011},
  editor    = {Lin, Patrick and Abney, Keith and Bekey, George A},
}

@InProceedings{lohan2012contingency,
  author    = {Lohan, Katrin Solveig and Rohlfing, Katharina and Saunders, Joe and Nehaniv, Chrystopher and Wrede, Britta},
  title     = {Contingency scaffolds language learning},
  booktitle = {IEEE International Conference on Development and Learning and Epigenetic Robotics},
  year      = {2012},
  series    = {ICDL},
  pages     = {1--6},
}

@Article{kahn2003coding,
  author  = {Kahn Jr, Peter H and Friedman, Batya and Freier, N and Severson, Rachel},
  title   = {Coding manual for children's interactions with AIBO, the robotic dog--The preschool study},
  journal = {University of Washington CSE Technical Report 03-04},
  year    = {2003},
  volume  = {3},
}

@Article{groves2006technological,
  author  = {Groves, Chris},
  title   = {Technological futures and non-reciprocal responsibility},
  journal = {The International Journal of the Humanities},
  year    = {2006},
  volume  = {4},
  number  = {2},
  pages   = {57--62},
}

@Article{birch2008three,
  author    = {Birch, Susan AJ and Vauthier, Sophie A and Bloom, Paul},
  title     = {Three-and four-year-olds spontaneously use others' past performance to guide their learning},
  journal   = {Cognition},
  year      = {2008},
  volume    = {107},
  number    = {3},
  pages     = {1018--1034},
  publisher = {Elsevier},
}

@Article{van1998cognitive,
  author  = {Van Joolingen, Wouter},
  title   = {Cognitive tools for discovery learning},
  journal = {International Journal Of Artificial Intelligence In Education (IJAIED)},
  year    = {1998},
  volume  = {10},
  pages   = {385--397},
}

@Book{landsberger1958hawthorne,
  title     = {Hawthorne Revisited: Management and the Worker, Its Critics, and Developments in Human Relations in Industry},
  publisher = {N.Y.S. School of Industrial and Labor Relations},
  year      = {1958},
  author    = {Landsberger, Henry A},
  location  = {Ithaca, New York},
}

@Article{christensen1998linear,
  author    = {Christensen, Laura J and Menzel, Kent E},
  title     = {The linear relationship between student reports of teacher immediacy behaviors and perceptions of state motivation, and of cognitive, affective, and behavioral learning},
  journal   = {Communication Education},
  year      = {1998},
  volume    = {47},
  number    = {1},
  pages     = {82--90},
  doi       = {10.1080/03634529809379112},
  publisher = {Taylor \& Francis},
}

@InProceedings{chen2011touched,
  author       = {Chen, Tiffany L and King, Chih-Hung and Thomaz, Andrea L and Kemp, Charles C},
  title        = {Touched by a robot: An investigation of subjective responses to robot-initiated touch},
  booktitle    = {Proceedings of the 6th international conference on Human-robot interaction},
  year         = {2011},
  pages        = {457--464},
  organization = {ACM},
}

@InProceedings{riether2012social,
  author       = {Riether, Nina and Hegel, Frank and Wrede, Britta and Horstmann, Gernot},
  title        = {Social Facilitation with Social Robots?},
  booktitle    = {Proceedings of the 7th ACM/IEEE International Conference on Human-Robot Interaction},
  year         = {2012},
  pages        = {41--47},
  organization = {IEEE},
}

@InProceedings{kanda2012children,
  author       = {Kanda, Takayuki and Shimada, Michihiro and Koizumi, Satoshi},
  title        = {Children learning with a social robot},
  booktitle    = {{Proceedings of the 7th ACM/IEEE International Conference on Human-Robot Interaction}},
  year         = {2012},
  pages        = {351--358},
  organization = {ACM},
}

@Article{kose2009effects,
  author    = {Kose-Bagci, Hatice and Ferrari, Ester and Dautenhahn, Kerstin and Syrdal, Dag Sverre and Nehaniv, Chrystopher L},
  title     = {Effects of embodiment and gestures on social interaction in drumming games with a humanoid robot},
  journal   = {Advanced Robotics},
  year      = {2009},
  volume    = {23},
  number    = {14},
  pages     = {1951--1996},
  publisher = {Taylor \& Francis},
}

@Book{bloom1956taxonomy,
  title     = {{Taxonomy of educational objectives: The classification of educational goals. Handbook I: Cognitive domain}},
  publisher = {Donald McKay},
  year      = {1956},
  author    = {Bloom, Benjamin and Engelhart, M.D. and Furst, E.J. and Hill, W.H. and Krathwohl, D.R.},
  location  = {New York},
}

@Article{velez2008relationship,
  author    = {Velez, Jonathan J and Cano, Jamie},
  title     = {The Relationship between Teacher Immediacy and Student Motivation.},
  journal   = {Journal of Agricultural Education},
  year      = {2008},
  volume    = {49},
  number    = {3},
  pages     = {76--86},
  publisher = {ERIC},
}

@Article{nook2015new,
  author    = {Nook, Erik C and Lindquist, Kristen A and Zaki, Jamil},
  title     = {A New Look at Emotion Perception: Concepts Speed and Shape Facial Emotion Recognition.},
  journal   = {Emotion},
  year      = {2015},
  volume    = {15},
  number    = {5},
  pages     = {569--578},
  publisher = {American Psychological Association},
}

@Article{kim2014distance,
  author  = {Yunkyung Kim and Bilge Mutlu},
  title   = {How social distance shapes human–robot interaction},
  journal = {International Journal of Human-Computer Studies},
  year    = {2014},
  volume  = {72},
  number  = {12},
  pages   = {783--795},
  doi     = {http://dx.doi.org/10.1016/j.ijhcs.2014.05.005},
}

@InProceedings{cameron2015presence,
  author    = {Cameron, David and Fernando, Samuel and Collins, Emily and Millings, Abigail and Moore, RK and Sharkey, Amanda and Evers, Vanessa and Prescott, Tony},
  title     = {{Presence of Life-Like Robot Expressions Influences Children's Enjoyment of Human-Robot Interactions in the Field}},
  booktitle = {Proceedings of the 4th International Symposium on New Frontiers in Human-Robot Interaction at AISB 2015},
  year      = {2015},
}

@Article{chi1981categorization,
  author    = {Chi, Michelene TH and Feltovich, Paul J and Glaser, Robert},
  title     = {Categorization and representation of physics problems by experts and novices*},
  journal   = {Cognitive science},
  year      = {1981},
  volume    = {5},
  number    = {2},
  pages     = {121--152},
  publisher = {Wiley Online Library},
}

@InProceedings{castellano2013towards,
  author       = {Castellano, Ginevra and Paiva, Ana and Kappas, Arvid and Aylett, Ruth and Hastie, Helen and Barendregt, Wolmet and Nabais, Fernando and Bull, Susan},
  title        = {Towards empathic virtual and robotic tutors},
  booktitle    = {Artificial Intelligence in Education},
  year         = {2013},
  pages        = {733--736},
  organization = {Springer},
  doi          = {10.1007/978-3-642-39112-5_100},
}

@InProceedings{saerbeck2010expressive,
  author    = {Saerbeck, Martin and Schut, Tom and Bartneck, Christoph and Janse, Maddy D.},
  title     = {{Expressive Robots in Education: Varying the Degree of Social Supportive Behavior of a Robotic Tutor}},
  booktitle = {{Proceedings of the SIGCHI Conference on Human Factors in Computing Systems}},
  year      = {2010},
  series    = {CHI'10},
  pages     = {1613--1622},
  address   = {New York, NY, USA},
  publisher = {ACM},
  acmid     = {1753567},
  doi       = {10.1145/1753326.1753567},
  isbn      = {978-1-60558-929-9},
  keywords  = {education, human-robot interaction, social interaction, tutoring},
  location  = {Atlanta, Georgia, USA},
  numpages  = {10},
}

@Article{goodboy2009effects,
  author  = {Goodboy, Alan K and Weber, Keith and Bolkan, San},
  title   = {The effects of nonverbal and verbal immediacy on recall and multiple student learning indicators},
  journal = {The Journal of Classroom Interaction},
  year    = {2009},
  volume  = {44},
  number  = {1},
  pages   = {4--12},
}

@Article{hill2005effects,
  author    = {Hill, Heather C and Rowan, Brian and Ball, Deborah Loewenberg},
  title     = {Effects of teachers' mathematical knowledge for teaching on student achievement},
  journal   = {American Educational Research Journal},
  year      = {2005},
  volume    = {42},
  number    = {2},
  pages     = {371--406},
  publisher = {Sage Publications},
}

@InProceedings{kennedy2015characterise,
  author    = {Kennedy, James and Baxter, Paul and Senft, Emmanuel and Belpaeme, Tony},
  title     = {{Using Immediacy to Characterise Robot Social Behaviour in Child-Robot Interactions}},
  booktitle = {Proceedings of the 1st Workshop on Evaluating Child-Robot Interaction at ICSR 2015},
  year      = {2015},
  location  = {Paris, France},
}

@InProceedings{huettenrauch2006investigating,
  author    = {Huettenrauch, H. and Severinson Eklundh, K. and Green, A. and Topp, E.A.},
  title     = {Investigating Spatial Relationships in Human-Robot Interaction},
  booktitle = {IEEE/RSJ International Conference on Intelligent Robots and Systems},
  year      = {2006},
  pages     = {5052-5059},
  doi       = {10.1109/IROS.2006.282535},
}

@InProceedings{gordon2015bayesian,
  author    = {Gordon, Goren and Breazeal, Cynthia},
  title     = {{Bayesian Active Learning-based Robot Tutor for Children's Word-Reading Skills}},
  booktitle = {{Proceedings of the 29th AAAI Conference on Artificial Intelligence}},
  year      = {2015},
  series    = {AAAI-15},
}

@InProceedings{baylor2004pedagogical,
  author       = {Baylor, Amy L and Kim, Yanghee},
  title        = {Pedagogical agent design: The impact of agent realism, gender, ethnicity, and instructional role},
  booktitle    = {Intelligent Tutoring Systems},
  year         = {2004},
  pages        = {592--603},
  organization = {Springer},
}

@Article{atkinson2005fostering,
  author    = {Atkinson, Robert K and Mayer, Richard E and Merrill, Mary Margaret},
  title     = {Fostering social agency in multimedia learning: Examining the impact of an animated agent's voice},
  journal   = {Contemporary Educational Psychology},
  year      = {2005},
  volume    = {30},
  number    = {1},
  pages     = {117--139},
  publisher = {Elsevier},
}

@Article{tessmer1997role,
  author    = {Tessmer, Martin and Richey, Rita C},
  title     = {The role of context in learning and instructional design},
  journal   = {Educational technology research and development},
  year      = {1997},
  volume    = {45},
  number    = {2},
  pages     = {85--115},
  publisher = {Springer},
}

@Article{garner2010emotional,
  author    = {Garner, Pamela W},
  title     = {Emotional competence and its influences on teaching and learning},
  journal   = {Educational Psychology Review},
  year      = {2010},
  volume    = {22},
  number    = {3},
  pages     = {297--321},
  publisher = {Springer},
}

@InProceedings{kennedy2016cautious,
  author    = {Kennedy, James and Lemaignan, S{\'e}verin and Belpaeme, Tony},
  title     = {{The Cautious Attitude of Teachers Towards Social Robots in Schools}},
  booktitle = {Proceedings of the Robots 4 Learning Workshop at RO-MAN 2016},
  year      = {2016},
}

@Book{whiting1992children,
  title     = {Children of different worlds: The formation of social behavior},
  publisher = {Harvard University Press},
  year      = {1992},
  author    = {Whiting, Beatrice Blyth and Edwards, Carolyn P and Edwards, Carolyn Pope},
}

@InProceedings{joosse2011behave,
  author    = {Joosse, Michiel and Sardar, Aziez and Evers, Vanessa},
  title     = {{BEHAVE: A Set of Measures to Assess Users' Attitudinal and Non-verbal Behavioral Responses to a Robot's Social Behaviors}},
  booktitle = {Proceedings of the 3rd International Conference on Social Robotics},
  year      = {2011},
  series    = {ICSR'11},
  pages     = {84--94},
  publisher = {Springer},
}

@InProceedings{belpaeme2015L2TOR,
  author    = {Belpaeme, Tony and Kennedy, James and Baxter, Paul and Vogt, Paul and Krahmer, Emiel E.J. and Kopp, Stefan and Bergmann, Kirsten and Leseman, Paul and K{\"u}ntay, Aylin C and G{\"o}ksun, Tilbe and Pandey, Amit K and Gelin, Rodolphe and Koudelkova, Petra and Deblieck, Tommy},
  title     = {{L2TOR - Second Language Learning Tutoring using Social Robots}},
  booktitle = {Proceedings of the First International Workshop on Educational Robots at ICSR'15},
  year      = {2015},
}

@Article{powell2012eye,
  author    = {Powell, Kate L and Roberts, Gilbert and Nettle, Daniel},
  title     = {Eye images increase charitable donations: Evidence from an opportunistic field experiment in a supermarket},
  journal   = {Ethology},
  year      = {2012},
  volume    = {118},
  number    = {11},
  pages     = {1096--1101},
  publisher = {Wiley Online Library},
}

@InProceedings{bartneck2003interacting,
  author       = {Bartneck, Christoph},
  title        = {Interacting with an embodied emotional character},
  booktitle    = {Proceedings of the 2003 international conference on Designing pleasurable products and interfaces},
  year         = {2003},
  pages        = {55--60},
  organization = {ACM},
}

@Article{triplett1898dynamogenic,
  author    = {Triplett, Norman},
  title     = {The dynamogenic factors in pacemaking and competition},
  journal   = {The American journal of psychology},
  year      = {1898},
  volume    = {9},
  number    = {4},
  pages     = {507--533},
  publisher = {JSTOR},
}

@Article{will1986educating,
  author  = {Will, Madeleine C},
  title   = {Educating children with learning problems: A shared responsibility},
  journal = {Exceptional children},
  year    = {1986},
  volume  = {52},
  number  = {5},
  pages   = {411--415},
}

@Article{moore2012bayesian,
  author    = {Moore, Roger K},
  title     = {{A Bayesian explanation of the `Uncanny Valley' effect and related psychological phenomena}},
  journal   = {Nature Scientific Reports},
  year      = {2012},
  volume    = {2},
  number    = {864},
  publisher = {Macmillan Publishers Limited},
}

@Article{yu2007unified,
  author    = {Yu, Chen and Ballard, Dana H},
  title     = {A unified model of early word learning: Integrating statistical and social cues},
  journal   = {Neurocomputing},
  year      = {2007},
  volume    = {70},
  number    = {13},
  pages     = {2149--2165},
  publisher = {Elsevier},
}

@Article{zajonc1965social,
  author    = {Zajonc, Robert Boleslaw},
  title     = {Social Facilitation},
  journal   = {Science},
  year      = {1965},
  volume    = {149},
  number    = {3681},
  pages     = {269-274},
  publisher = {American Association for the Advancement of Science},
}

@Article{vanlehn2003only,
  author    = {VanLehn, Kurt and Siler, Stephanie and Murray, Charles and Yamauchi, Takashi and Baggett, William B},
  title     = {Why do only some events cause learning during human tutoring?},
  journal   = {Cognition and Instruction},
  year      = {2003},
  volume    = {21},
  number    = {3},
  pages     = {209--249},
  publisher = {Taylor \& Francis},
}

@Article{valenzeno2003teachers,
  author    = {Valenzeno, Laura and Alibali, Martha W and Klatzky, Roberta},
  title     = {Teachers' gestures facilitate students' learning: A lesson in symmetry},
  journal   = {Contemporary Educational Psychology},
  year      = {2003},
  volume    = {28},
  number    = {2},
  pages     = {187--204},
  publisher = {Elsevier},
}

@Book{kuhlthau2007guided,
  title     = {Guided inquiry: Learning in the 21st century},
  publisher = {Greenwood Publishing Group},
  year      = {2007},
  author    = {Kuhlthau, Carol and Maniotes, Leslie and Caspari, Ann},
}

@InProceedings{andrist2013rhetorical,
  author       = {Andrist, Sean and Spannan, Erin and Mutlu, Bilge},
  title        = {Rhetorical robots: making robots more effective speakers using linguistic cues of expertise},
  booktitle    = {Proceedings of the 8th ACM/IEEE international conference on Human-robot interaction},
  year         = {2013},
  pages        = {341--348},
  organization = {IEEE Press},
}

@InProceedings{howley2014effects,
  author       = {Howley, Iris and Kanda, Takayuki and Hayashi, Kotaro and Ros{\'e}, Carolyn},
  title        = {Effects of social presence and social role on help-seeking and learning},
  booktitle    = {Proceedings of the 9th ACM/IEEE International Conference on Human-Robot Interaction},
  year         = {2014},
  pages        = {415--422},
  organization = {ACM},
}

@InProceedings{baxter2015wider,
  author    = {Baxter, Paul and Ashurst, Emily and Kennedy, James and Senft, Emmanuel and Lemaignan, Severin and Belpaeme, Tony},
  title     = {The wider supportive role of social robots in the classroom for teachers},
  booktitle = {Proceedings of the 1st International Workshop on Educational Robotics, at ICSR'15},
  year      = {2015},
  location  = {Paris, France},
}

@InProceedings{serholt2014comparing,
  author    = {Sofia Serholt and Christina Anne Basedow and Wolmet Barendregt and Mohammad Obaid},
  title     = {Comparing a Humanoid Tutor to a Human Tutor Delivering an Instructional Task to Children},
  booktitle = {Proceedings of 2014 IEEE-RAS International Conference on Humanoid Robots},
  year      = {2014},
}

@InProceedings{jones2015open,
  author    = {Jones, Aidan and Bull, Susan and Castellano, Ginevra},
  title     = {Open Learner Modelling with a Robotic Tutor},
  booktitle = {Proceedings of the Tenth Annual ACM/IEEE International Conference on Human-Robot Interaction Extended Abstracts},
  year      = {2015},
  series    = {HRI'15 Extended Abstracts},
  pages     = {237--238},
  publisher = {ACM},
  doi       = {10.1145/2701973.2702713},
  location  = {Portland, Oregon, USA},
}

@Book{krathwohl1964taxonomy,
  title     = {{Taxonomy of educational objectives: The classification of educational goals. Handbook II: the affective domain}},
  publisher = {Donald McKay},
  year      = {1964},
  author    = {Krathwohl, D.R. and Bloom, Benjamin and Masia, B.B.},
  location  = {New York},
}

@Article{witkin1977field,
  author    = {Witkin, Herman A and Moore, Carol Ann and Goodenough, Donald R and Cox, Patricia W},
  title     = {Field-dependent and field-independent cognitive styles and their educational implications},
  journal   = {Review of educational research},
  year      = {1977},
  pages     = {1--64},
  publisher = {JSTOR},
}

@Article{kennedy2016impact,
  author  = {James Kennedy and Paul Baxter and Tony Belpaeme},
  title   = {{The Impact of Robot Tutor Nonverbal Social Behaviour on Child Learning}},
  journal = {Frontiers in ICT: Human-Media Interaction},
  year    = {under review},
}

@Article{wu2010no,
  author    = {Wu, Rachel and Kirkham, Natasha Z},
  title     = {No two cues are alike: Depth of learning during infancy is dependent on what orients attention},
  journal   = {Journal of Experimental Child Psychology},
  year      = {2010},
  volume    = {107},
  number    = {2},
  pages     = {118--136},
  publisher = {Elsevier},
}

@Article{gurung2007looking,
  author    = {Gurung, Regan AR and Vespia, Kristin},
  title     = {Looking good, teaching well? Linking liking, looks, and learning},
  journal   = {Teaching of Psychology},
  year      = {2007},
  volume    = {34},
  number    = {1},
  pages     = {5--10},
  publisher = {Taylor \& Francis},
}

@Article{crone2004developmental,
  author    = {Crone, Eveline A and Jennings, J Richard and Van der Molen, Maurits W},
  title     = {Developmental change in feedback processing as reflected by phasic heart rate changes.},
  journal   = {Developmental psychology},
  year      = {2004},
  volume    = {40},
  number    = {6},
  pages     = {1228},
  publisher = {American Psychological Association},
}

@Article{chesebro2003effects,
  author    = {Chesebro, Joseph L},
  title     = {Effects of teacher clarity and nonverbal immediacy on student learning, receiver apprehension, and affect},
  journal   = {Communication Education},
  year      = {2003},
  volume    = {52},
  number    = {2},
  pages     = {135--147},
  publisher = {Taylor \& Francis},
}

@Article{pickett2004getting,
  author    = {Pickett, Cynthia L and Gardner, Wendi L and Knowles, Megan},
  title     = {Getting a cue: The need to belong and enhanced sensitivity to social cues},
  journal   = {Personality and Social Psychology Bulletin},
  year      = {2004},
  volume    = {30},
  number    = {9},
  pages     = {1095--1107},
  publisher = {Sage Publications},
}

@Article{teo2006attitudes,
  author    = {Teo, Timothy},
  title     = {Attitudes toward computers: A study of post-secondary students in Singapore},
  journal   = {Interactive Learning Environments},
  year      = {2006},
  volume    = {14},
  number    = {1},
  pages     = {17--24},
  publisher = {Taylor \& Francis},
}

@Article{blackwell2013adoption,
  author    = {Blackwell, Courtney K and Lauricella, Alexis R and Wartella, Ellen and Robb, Michael and Schomburg, Roberta},
  title     = {Adoption and use of technology in early education: The interplay of extrinsic barriers and teacher attitudes},
  journal   = {Computers \& Education},
  year      = {2013},
  volume    = {69},
  pages     = {310--319},
  publisher = {Elsevier},
}

@Article{kreijns2003identifying,
  author    = {Kreijns, Karel and Kirschner, Paul A and Jochems, Wim},
  title     = {Identifying the pitfalls for social interaction in computer-supported collaborative learning environments: a review of the research},
  journal   = {Computers in human behavior},
  year      = {2003},
  volume    = {19},
  number    = {3},
  pages     = {335--353},
  publisher = {Elsevier},
}

@InProceedings{leyzberg2014personalizing,
  author    = {Leyzberg, Daniel and Spaulding, Sam and Scassellati, Brian},
  title     = {Personalizing Robot Tutors to Individual Learning Differences},
  booktitle = {{Proceedings of the 9th ACM/IEEE International Conference on Human-Robot Interaction}},
  year      = {2014},
  location  = {Bielefeld, Germany},
}

@Article{mehrabian1968some,
  author    = {Mehrabian, Albert},
  title     = {{Some Referents and Measures of Nonverbal Behavior}},
  journal   = {Behavior Research Methods \& Instrumentation},
  year      = {1968},
  volume    = {1},
  number    = {6},
  pages     = {203--207},
  publisher = {Springer},
}

@Article{uziel2007individual,
  author    = {Uziel, Liad},
  title     = {Individual differences in the social facilitation effect: A review and meta-analysis},
  journal   = {Journal of Research in Personality},
  year      = {2007},
  volume    = {41},
  number    = {3},
  pages     = {579--601},
  publisher = {Elsevier},
}

@Article{johnson2005computer,
  author    = {Johnson, Deborah G and Powers, Thomas M},
  title     = {Computer systems and responsibility: A normative look at technological complexity},
  journal   = {Ethics and Information Technology},
  year      = {2005},
  volume    = {7},
  number    = {2},
  pages     = {99--107},
  publisher = {Springer},
}

@InProceedings{park2017telling,
  author       = {Park, Hae Won and Gelsomini, Mirko and Lee, Jin Joo and Breazeal, Cynthia},
  title        = {Telling Stories to Robots: The Effect of Backchanneling on a Child’s Storytelling},
  booktitle    = {Proceedings of the 2017 ACM/IEEE International Conference on Human-Robot Interaction},
  year         = {2017},
  pages        = {100--108},
  organization = {ACM},
}

@Article{spencer1999learner,
  author    = {Spencer, John A and Jordan, Reg K},
  title     = {Learner centred approaches in medical education},
  journal   = {Bmj},
  year      = {1999},
  volume    = {318},
  number    = {7193},
  pages     = {1280--1283},
  publisher = {BMJ},
}

@Article{landis1977measurement,
  author  = {Landis, J Richard and Koch, Gary G},
  title   = {The measurement of observer agreement for categorical data},
  journal = {{B}iometrics},
  year    = {1977},
  volume  = {33},
  number  = {1},
  pages   = {159--174},
}

@Article{jaffe2001rhythms,
  author    = {Jaffe, Joseph and Beebe, Beatrice and Feldstein, Stanley and Crown, Cynthia L and Jasnow, Michael D and Rochat, Philippe and Stern, Daniel N},
  title     = {Rhythms of dialogue in infancy: Coordinated timing in development},
  journal   = {Monographs of the society for research in child development},
  year      = {2001},
  volume    = {66},
  number    = {2},
  pages     = {i--149},
  publisher = {JSTOR},
}

@Article{dede2009immersive,
  author    = {Dede, Chris},
  title     = {Immersive interfaces for engagement and learning},
  journal   = {science},
  year      = {2009},
  volume    = {323},
  number    = {5910},
  pages     = {66--69},
  publisher = {American Association for the Advancement of Science},
}

@Article{dunbar2002social,
  author    = {Dunbar, Robin IM},
  title     = {The Social Brain Hypothesis},
  journal   = {Foundations in social neuroscience},
  year      = {2002},
  volume    = {5},
  number    = {71},
  pages     = {69},
  publisher = {MIT Press},
}

@Article{siegler2007cognitive,
  author    = {Siegler, Robert S},
  title     = {Cognitive variability},
  journal   = {Developmental science},
  year      = {2007},
  volume    = {10},
  number    = {1},
  pages     = {104--109},
  publisher = {Wiley Online Library},
}

@Article{goldin2001explaining,
  author    = {Goldin-Meadow, Susan and Nusbaum, Howard and Kelly, Spencer D and Wagner, Susan},
  title     = {Explaining math: Gesturing lightens the load},
  journal   = {Psychological Science},
  year      = {2001},
  volume    = {12},
  number    = {6},
  pages     = {516--522},
  publisher = {SAGE Publications},
}

@Article{nussbaum1992effective,
  author    = {Nussbaum, Jon F},
  title     = {Effective teacher behaviors},
  journal   = {Communication Education},
  year      = {1992},
  volume    = {41},
  number    = {2},
  pages     = {167--180},
  publisher = {Taylor \& Francis},
}

@Article{witt2006influence,
  author    = {Witt, Paul L and Schrodt, Paul},
  title     = {The influence of instructional technology use and teacher immediacy on student affect for teacher and course},
  journal   = {Communication Reports},
  year      = {2006},
  volume    = {19},
  number    = {1},
  pages     = {1--15},
  publisher = {Taylor \& Francis},
}

@InProceedings{lee2008elementary,
  author    = {Lee, E and Lee, Y and Kye, Bokyung and Ko, Beomseog},
  title     = {{Elementary and middle school teachers', students' and parents' perception of robot-aided education in Korea}},
  booktitle = {Proceedings of the World conference on educational multimedia, hypermedia and telecommunications},
  year      = {2008},
  pages     = {175--183},
}

@Article{goldin1992assessing,
  author    = {Goldin-Meadow, Susan and Wein, Debra and Chang, Cecilia},
  title     = {Assessing knowledge through gesture: Using children's hands to read their minds},
  journal   = {Cognition and Instruction},
  year      = {1992},
  volume    = {9},
  number    = {3},
  pages     = {201--219},
  publisher = {Taylor \& Francis},
}

@Article{vanlehn2011relative,
  author    = {VanLehn, Kurt},
  title     = {The relative effectiveness of human tutoring, intelligent tutoring systems, and other tutoring systems},
  journal   = {Educational Psychologist},
  year      = {2011},
  volume    = {46},
  number    = {4},
  pages     = {197--221},
  publisher = {Taylor \& Francis},
}

@Article{roth2001gestures,
  author    = {Roth, Wolff-Michael},
  title     = {Gestures: Their role in teaching and learning},
  journal   = {Review of Educational Research},
  year      = {2001},
  volume    = {71},
  number    = {3},
  pages     = {365--392},
  publisher = {Sage Publications},
}

@Article{bull1981influences,
  author    = {Bull, Ray and Gibson-Robinson, Elizabeth},
  title     = {The influences of eye-gaze, style of dress, and locality on the amounts of money donated to a charity},
  journal   = {Human Relations},
  year      = {1981},
  volume    = {34},
  number    = {10},
  pages     = {895--905},
  publisher = {Sage Publications},
}

@Article{ronfeldt2013teacher,
  author    = {Ronfeldt, Matthew and Loeb, Susanna and Wyckoff, James},
  title     = {How teacher turnover harms student achievement},
  journal   = {American Educational Research Journal},
  year      = {2012},
  volume    = {50},
  number    = {1},
  pages     = {4--36},
  doi       = {10.3102/0002831212463813},
  publisher = {SAGE Publications},
}

@Article{lupyan2007language,
  author    = {Lupyan, Gary and Rakison, David H and McClelland, James L},
  title     = {Language is not Just for Talking: Redundant Labels Facilitate Learning of Novel Categories},
  journal   = {Psychological Science},
  year      = {2007},
  volume    = {18},
  number    = {12},
  pages     = {1077--1083},
  publisher = {SAGE Publications},
}

@InProceedings{moshkina2014social,
  author       = {Moshkina, Lilia and Trickett, Susan and Trafton, J Gregory},
  title        = {Social engagement in public places: a tale of one robot},
  booktitle    = {{Proceedings of the 2014 ACM/IEEE international conference on Human-robot interaction}},
  year         = {2014},
  pages        = {382--389},
  organization = {ACM},
}

@InProceedings{han2005educational,
  author       = {Han, Jeonghye and Jo, Miheon and Park, Sungju and Kim, Sungho},
  title        = {The educational use of home robots for children},
  booktitle    = {{Proceedings of the IEEE International Symposium on Robots and Human Interactive Communications}},
  year         = {2005},
  series       = {RO-MAN 2005},
  pages        = {378--383},
  organization = {IEEE},
}

@Article{segrin1993effects,
  author    = {Segrin, Chris},
  title     = {The effects of nonverbal behavior on outcomes of compliance gaining attempts},
  journal   = {Communication Studies},
  year      = {1993},
  volume    = {44},
  number    = {3-4},
  pages     = {169--187},
  publisher = {Taylor \& Francis},
}

@Article{aiello1974development,
  author    = {Aiello, John R and Aiello, Tyra De Carlo},
  title     = {The development of personal space: Proxemic behavior of children 6 through 16},
  journal   = {Human Ecology},
  year      = {1974},
  volume    = {2},
  number    = {3},
  pages     = {177--189},
  publisher = {Springer},
}

@InProceedings{kory2014storytelling,
  author       = {Kory, Jacqueline and Breazeal, Cynthia},
  title        = {Storytelling with robots: Learning companions for preschool children's language development},
  booktitle    = {Proceedings of the 23rd IEEE International Symposium on Robots and Human Interactive Communications},
  year         = {2014},
  series       = {RO-MAN 2014},
  pages        = {643--648},
  organization = {IEEE},
}

@Article{sariccoban2013pre,
  author    = {Sari{\c{c}}oban, Arif},
  title     = {Pre-Service ELT Teachers' Attitudes towards Computer Use: A Turkish Survey.},
  journal   = {Eurasian Journal of Educational Research},
  year      = {2013},
  volume    = {53},
  pages     = {59--78},
  publisher = {ERIC},
}

@InProceedings{wang2014directing,
  author       = {Wang, Xun and Williams, Mary-Anne and Gardenfors, Peter and Vitale, Jonathan and Abidi, Shaukat and Johnston, Benjamin and Kuipers, Benjamin and Huang, Alan},
  title        = {Directing human attention with pointing},
  booktitle    = {Proceedings of the 23rd IEEE International Symposium onRobot and Human Interactive Communication},
  year         = {2014},
  series       = {RO-MAN 2014},
  pages        = {174--179},
  organization = {IEEE},
}

@InProceedings{hood2015children,
  author       = {Deanna Hood and S{\'e}verin Lemaignan and Pierre Dillenbourg},
  title        = {When Children Teach a Robot to Write: An Autonomous Teachable Humanoid Which Uses Simulated Handwriting},
  booktitle    = {Proceedings of the 10th ACM/IEEE {I}nternational {C}onference on {H}uman-{R}obot {I}nteraction},
  year         = {2015},
  pages        = {83--90},
  organization = {ACM},
}

@Article{coninx2015towards,
  author  = {Coninx, Alexandre and Baxter, Paul and Oleari, Elletra and Bellini, Sara and Bierman, Bert and Blanson-Henkemans, Olivier and Canamero, Lola and Cosi, Piero and Enescu, Valentin and Ros, Raquel and Hiolle, Antoine and Humbert, Remi and Kiefer, Bernd and Kruijff-Korbayova, Ivana and Looije, Rosemarijn and Mosconi, Marco and Neerincx, Mark and Paci, Giulio and Patsis, Georgios and Pozzi, Clara and Sacchitelli, Francesca and Sahli, Hichem and Sanna, Alberto and Sommavilla, Giacomo and Tesser, Fabio and Demiris, Yiannis and Belpaeme, Tony},
  title   = {Towards Long-Term Social Child-Robot Interaction: Using Multi-Activity Switching to Engage Young Users},
  journal = {Journal of Human-Robot Interaction},
  year    = {2016},
  volume  = {5},
  number  = {1},
  pages   = {32--67},
}

@InProceedings{wainer2007embodiment,
  author       = {Wainer, Joshua and Feil-Seifer, David J and Shell, Dylan A and Mataric, Maja J},
  title        = {Embodiment and human-robot interaction: A task-based perspective},
  booktitle    = {{Proceedings of the 16th IEEE International Symposium on Robot and Human interactive Communication}},
  year         = {2007},
  series       = {RO-MAN 2007},
  pages        = {872--877},
  organization = {IEEE},
}

@InProceedings{byrd2014gesturing,
  author    = {Byrd, Caroline E and McNeil, Nicole and D'Mello, Sidney and Cook, Susan Wagner},
  title     = {Gesturing May Not Always Make Learning Last},
  booktitle = {Proceedings of the 36th Annual Conference of the Cognitive Science Society},
  year      = {2014},
  pages     = {1982--1987},
}

@Article{ambady1993half,
  author    = {Ambady, Nalini and Rosenthal, Robert},
  title     = {Half a minute: Predicting teacher evaluations from thin slices of nonverbal behavior and physical attractiveness.},
  journal   = {Journal of personality and social psychology},
  year      = {1993},
  volume    = {64},
  number    = {3},
  pages     = {431},
  publisher = {American Psychological Association},
}

@Article{cramer2009hug,
  author    = {Cramer, Henriette and Kemper, Nicander and Amin, Alia and Wielinga, Bob and Evers, Vanessa},
  title     = {'Give me a hug': The effects of touch and autonomy on people's responses to embodied social agents},
  journal   = {Computer Animation and Virtual Worlds},
  year      = {2009},
  volume    = {20},
  number    = {2-3},
  pages     = {437--445},
  publisher = {Wiley Online Library},
}

@InProceedings{delaunay2009towards,
  author       = {Delaunay, Fr{\'e}d{\'e}ric and De Greeff, Joachim and Belpaeme, Tony},
  title        = {Towards retro-projected robot faces: an alternative to mechatronic and android faces},
  booktitle    = {Proceedings of the 18th IEEE International Symposium on Robot and Human Interactive Communication},
  year         = {2009},
  pages        = {306--311},
  organization = {IEEE},
}

@Article{mauchly1940significance,
  author    = {Mauchly, John W},
  title     = {Significance test for sphericity of a normal n-variate distribution},
  journal   = {The Annals of Mathematical Statistics},
  year      = {1940},
  volume    = {11},
  number    = {2},
  pages     = {204--209},
  publisher = {JSTOR},
}

@InProceedings{kennedy2016heart,
  author    = {James Kennedy and Paul Baxter and Emmanuel Senft and Tony Belpaeme},
  title     = {{Heart vs Hard Drive: Children Learn More From a Human Tutor Than a Social Robot}},
  booktitle = {Proceedings of the 11th ACM/IEEE Conference on Human-Robot Interaction},
  year      = {2016},
  pages     = {451--452},
  publisher = {ACM},
}

@Article{kar201330,
  author  = {Kar, Sitanshu Sekhar and Ramalingam, Archana},
  title   = {IS 30 THE MAGIC NUMBER? ISSUES IN SAMPLE SIZE ESTIMATION},
  journal = {National Journal of Community Medicine},
  year    = {2013},
  volume  = {4},
  number  = {1},
}

@Article{riek2012wizard,
  author  = {Riek, Laurel D},
  title   = {Wizard of oz studies in hri: a systematic review and new reporting guidelines},
  journal = {Journal of Human-Robot Interaction},
  year    = {2012},
  volume  = {1},
  number  = {1},
}

@Article{begg1985believing,
  author    = {Begg, Ian and Armour, Victoria and Kerr, Therese},
  title     = {On believing what we remember.},
  journal   = {Canadian Journal of Behavioural Science/Revue canadienne des sciences du comportement},
  year      = {1985},
  volume    = {17},
  number    = {3},
  pages     = {199},
  publisher = {Canadian Psychological Association},
}

@Article{broekens2009assistive,
  author  = {Broekens, Joost and Heerink, Marcel and Rosendal, Henk},
  title   = {Assistive social robots in elderly care: a review},
  journal = {Gerontechnology (International Journal on the Fundamental Aspects of Technology to Serve the Ageing Society)},
  year    = {2009},
  volume  = {8},
  number  = {2},
  pages   = {94--103},
}

@Article{breazeal2003toward,
  author    = {Breazeal, Cynthia},
  title     = {Toward sociable robots},
  journal   = {Robotics and autonomous systems},
  year      = {2003},
  volume    = {42},
  number    = {3},
  pages     = {167--175},
  publisher = {Elsevier},
}

@Article{remland1994influence,
  author  = {Remland, Martin S. and Jones, Tricia S.},
  title   = {{The Influence of Vocal Intensity and Touch on Compliance Gaining}},
  journal = {Journal of Social Psychology},
  year    = {1994},
  volume  = {134},
  number  = {1},
  pages   = {89--97},
}

@Article{tanaka2012children,
  author  = {Tanaka, Fumihide and Matsuzoe, Shizuko},
  title   = {{Children Teach a Care-Receiving Robot to Promote Their Learning: Field Experiments in a Classroom for Vocabulary Learning}},
  journal = {Journal of Human-Robot Interaction},
  year    = {2012},
  volume  = {1},
  number  = {1},
  pages   = {78--95},
}

@InCollection{harvel2010guided,
  author    = {Harvel, Cindy},
  title     = {Guided discovery Learning},
  booktitle = {Faith-Based Education That Constructs: A Creative Dialogue between Contructivism and Faith-Based Education},
  publisher = {Wipf and Stock Publishers},
  year      = {2010},
  editor    = {Lee, Heekap},
  pages     = {169--172},
}

@InProceedings{ziafati2017qt,
  author    = {Ziafati, Pouyan and Rodr{\'i}guez Lera, Francisco J and Pinto Costa, Andreia and Nazarikhorram, Aida and Van Der Torre, Leon},
  title     = {ProCRob Architecture for Personalized Social Robotics},
  booktitle = {Proceedings of the Robots 4 Learning Workshop at HRI 2017},
  year      = {2017},
}

@InProceedings{baxter2016althri,
  author    = {Paul Baxter and James Kennedy and Emmanuel Senft and Severin Lemaignan and Tony Belpaeme},
  title     = {From Characterising Three Years of HRI to Methodology and Reporting Recommendations},
  booktitle = {Proceedings of the 11th ACM/IEEE Conference on Human-Robot Interaction (alt.HRI)},
  year      = {2016},
}

@Article{goodwyn1998encouraging,
  author    = {Goodwyn, Susan W and Acredolo, Linda P},
  title     = {Encouraging symbolic gestures: A new perspective on the relationship between gesture and speech},
  journal   = {New Directions for Child and Adolescent Development},
  year      = {1998},
  volume    = {1998},
  number    = {79},
  pages     = {61--73},
  publisher = {Wiley Online Library},
}

@Article{witt2001experimental,
  author  = {Paul L Witt and Lawrence R Wheeless},
  title   = {An experimental study of teachers' verbal and nonverbal immediacy and students' affective and cognitive learning},
  journal = {Communication Education},
  year    = {2001},
  volume  = {50},
  number  = {4},
  pages   = {327--342},
  doi     = {10.1080/03634520109379259},
}

@InProceedings{segura2012revive,
  author       = {Segura, Elena M{\'a}rquez and Cramer, Henriette and Gomes, Paulo Fonta{\'\i}nha and Nylander, Stina and Paiva, Ana},
  title        = {Revive!: reactions to migration between different embodiments when playing with robotic pets},
  booktitle    = {Proceedings of the 11th International Conference on Interaction Design and Children},
  year         = {2012},
  pages        = {88--97},
  address      = {New York, NY, USA},
  organization = {ACM},
  doi          = {10.1145/2307096.2307107},
  location     = {Bremen, Germany},
}

@InProceedings{szafir2012pay,
  author    = {Szafir, Daniel and Mutlu, Bilge},
  title     = {{Pay Attention!: Designing Adaptive Agents that Monitor and Improve User Engagement}},
  booktitle = {{Proceedings of the SIGCHI Conference on Human Factors in Computing Systems}},
  year      = {2012},
  series    = {CHI'12},
  pages     = {11--20},
  address   = {New York, NY, USA},
  publisher = {ACM},
  acmid     = {2207679},
  doi       = {10.1145/2207676.2207679},
  isbn      = {978-1-4503-1015-4},
  location  = {Austin, Texas, USA},
  numpages  = {10},
}

@Article{macedonia2012gestures,
  author  = {Macedonia, Manuela and von Kriegstein, Katharina},
  title   = {Gestures enhance foreign language learning},
  journal = {Biolinguistics},
  year    = {2012},
  volume  = {6},
  number  = {3-4},
  pages   = {393--416},
}

@Article{simonds2006effects,
  author  = {Brent K Simonds and Kevin R Meyer and Margaret M Quinlan and Stephen K Hunt},
  title   = {Effects of Instructor Speech Rate on Student Affective Learning, Recall, and Perceptions of Nonverbal Immediacy, Credibility, and Clarity},
  journal = {Communication Research Reports},
  year    = {2006},
  volume  = {23},
  number  = {3},
  pages   = {187--197},
  doi     = {10.1080/08824090600796401},
}

@Article{murray1999authoring,
  author  = {Murray, Tom},
  title   = {Authoring intelligent tutoring systems: An analysis of the state of the art},
  journal = {International Journal of Artificial Intelligence in Education (IJAIED)},
  year    = {1999},
  volume  = {10},
  pages   = {98--129},
}

@Article{sharkey2016robot,
  author    = {Sharkey, Amanda JC},
  title     = {Should we welcome robot teachers?},
  journal   = {Ethics and Information Technology},
  year      = {2016},
  pages     = {1--15},
  publisher = {Springer},
}

@Article{salter2008going,
  author    = {Salter, Tamie and Werry, Iain and Michaud, Francois},
  title     = {Going into the wild in child--robot interaction studies: issues in social robotic development},
  journal   = {Intelligent Service Robotics},
  year      = {2008},
  volume    = {1},
  number    = {2},
  pages     = {93--108},
  publisher = {Springer},
}

@InProceedings{diyas2016evaluating,
  author    = {Yerassyl Diyas and Dmitriy Brakk and Yernar Aimambetov and Anara Sandygulova},
  title     = {{Evaluating Peer Versus Teacher Robot within Educational Scenario of Programming Learning}},
  booktitle = {Proceedings of the 11th ACM/IEEE International Conference on Human-Robot Interaction Extended Abstracts},
  year      = {2016},
  pages     = {425--426},
}

@Article{sherwood1987facilitative,
  author    = {Sherwood, James V},
  title     = {Facilitative effects of gaze upon learning},
  journal   = {Perceptual and Motor Skills},
  year      = {1987},
  volume    = {64},
  number    = {3c},
  pages     = {1275--1278},
  publisher = {Ammons Scientific},
}

@InProceedings{wang2010facial,
  author       = {Wang, Ning and Johnson, W Lewis and Gratch, Jonathan},
  title        = {Facial expressions and politeness effect in foreign language training system},
  booktitle    = {Intelligent Tutoring Systems},
  year         = {2010},
  pages        = {165--173},
  organization = {Springer},
}

@InProceedings{chidambaram2012designing,
  author       = {Chidambaram, Vijay and Chiang, Yueh-Hsuan and Mutlu, Bilge},
  title        = {Designing persuasive robots: how robots might persuade people using vocal and nonverbal cues},
  booktitle    = {Proceedings of the seventh annual ACM/IEEE international conference on Human-Robot Interaction},
  year         = {2012},
  pages        = {293--300},
  organization = {ACM},
}

@InProceedings{pereira2008icat,
  author    = {Pereira, Andr{\'e} and Martinho, Carlos and Leite, Iolanda and Paiva, Ana},
  title     = {i{C}at, the chess player: the influence of embodiment in the enjoyment of a game},
  booktitle = {Proceedings of the 7th international conference on Autonomous agents and multiagent systems},
  year      = {2008},
  volume    = {3},
  pages     = {1253--1256},
  publisher = {International Foundation for Autonomous Agents and Multiagent Systems},
}

@InProceedings{syrdal2007personalized,
  author       = {Syrdal, Dag Sverre and Koay, Kheng Lee and Walters, Michael L and Dautenhahn, Kerstin},
  title        = {A personalized robot companion?-The role of individual differences on spatial preferences in HRI scenarios},
  booktitle    = {Proceedings of the 16th IEEE International Symposium on Robot and Human interactive Communication},
  year         = {2007},
  series       = {RO-MAN 2007},
  pages        = {1143--1148},
  organization = {IEEE},
}

@Article{salter2006learning,
  author    = {Salter, Tamie and Dautenhahn, Kerstin and te Boekhorst, Ren{\'e}},
  title     = {Learning about natural human--robot interaction styles},
  journal   = {Robotics and Autonomous Systems},
  year      = {2006},
  volume    = {54},
  number    = {2},
  pages     = {127--134},
  publisher = {Elsevier},
}

@Article{mayer2004personalization,
  author    = {Mayer, Richard E and Fennell, Sherry and Farmer, Lindsay and Campbell, Julie},
  title     = {A Personalization Effect in Multimedia Learning: Students Learn Better When Words Are in Conversational Style Rather Than Formal Style.},
  journal   = {Journal of Educational Psychology},
  year      = {2004},
  volume    = {96},
  number    = {2},
  pages     = {389},
  publisher = {American Psychological Association},
}

@Article{tanaka2007socialization,
  author    = {Tanaka, Fumihide and Cicourel, Aaron and Movellan, Javier R},
  title     = {Socialization between toddlers and robots at an early childhood education center},
  journal   = {Proceedings of the National Academy of Sciences},
  year      = {2007},
  volume    = {104},
  number    = {46},
  pages     = {17954--17958},
  publisher = {National Acad Sciences},
}

@Article{borgers2000children,
  author    = {Borgers, Natacha and De Leeuw, Edith and Hox, Joop},
  title     = {Children as respondents in survey research: Cognitive development and response quality 1},
  journal   = {Bulletin de methodologie Sociologique},
  year      = {2000},
  volume    = {66},
  number    = {1},
  pages     = {60--75},
  publisher = {Sage Publications},
}

@InCollection{blancas2015effects,
  author    = {Blancas, Maria and Vouloutsi, Vasiliki and Grechuta, Klaudia and Verschure, Paul FMJ},
  title     = {Effects of the Robot's Role on Human-Robot Interaction in an Educational Scenario},
  booktitle = {Biomimetic and Biohybrid Systems},
  publisher = {Springer},
  year      = {2015},
  pages     = {391--402},
}

@InProceedings{rumme2008gestures,
  author    = {Rumme, Paul and Saito, Hirofumi and Ito, Hiroshi and Oi, Misato and Lepe, Alberto},
  title     = {Gestures as effective teaching tools: Are students getting the point?},
  booktitle = {Japanese Cognitive Science Society Meeting 2008},
  year      = {2008},
}

@InProceedings{ros2011child,
  author       = {Ros, Raquel and Nalin, Marco and Wood, Rachel and Baxter, Paul and Looije, Rosemarijn and Demiris, Yannis and Belpaeme, Tony and Giusti, Alessio and Pozzi, Clara},
  title        = {Child-Robot Interaction in the Wild: Advice to the Aspiring Experimenter},
  booktitle    = {Proceedings of the 13th international conference on multimodal interfaces},
  year         = {2011},
  pages        = {335--342},
  organization = {ACM},
}

@InProceedings{serholt2014teachers,
  author       = {Serholt, Sofia and Barendregt, Wolmet and Leite, Iolanda and Hastie, Helen and Jones, Aidan and Paiva, Ana and Vasalou, Asimina and Castellano, Ginevra},
  title        = {Teachers' views on the use of empathic robotic tutors in the classroom},
  booktitle    = {Proceedings of the 23rd IEEE International Symposium on Robot and Human Interactive Communication},
  year         = {2014},
  series       = {RO-MAN 2014},
  pages        = {955--960},
  organization = {IEEE},
}

@InProceedings{fischer2014initiating,
  author       = {Fischer, Kerstin and Soto, Bianca and Pantofaru, Caroline and Takayama, Leila},
  title        = {Initiating interactions in order to get help: Effects of social framing on people's responses to robots' requests for assistance},
  booktitle    = {Proceedings of the 23rd IEEE International Symposium on Robot and Human Interactive Communication},
  year         = {2014},
  series       = {RO-MAN 2014},
  pages        = {999--1005},
  organization = {IEEE},
}

@Article{chesebro1998relationship,
  author    = {Chesebro, Joseph L and McCroskey, James C},
  title     = {The relationship of teacher clarity and teacher immediacy with students' experiences of state receiver apprehension},
  journal   = {Communication quarterly},
  year      = {1998},
  volume    = {46},
  number    = {4},
  pages     = {446--456},
  publisher = {Taylor \& Francis},
}

@InProceedings{belpaeme2013child,
  author    = {Belpaeme, Tony and Baxter, Paul and De Greeff, Joachim and Kennedy, James and Read, Robin and Looije, Rosemarijn and Neerincx, Mark and Baroni, Ilaria and Zelati, Mattia Coti},
  title     = {Child-Robot Interaction: Perspectives and challenges},
  booktitle = {Proceedings of the 5th International Conference on Social Robotics},
  year      = {2013},
  series    = {ICSR '13},
  pages     = {452--459},
  publisher = {Springer},
}

@Article{bailenson2003interpersonal,
  author    = {Bailenson, Jeremy N and Blascovich, Jim and Beall, Andrew C and Loomis, Jack M},
  title     = {Interpersonal distance in immersive virtual environments},
  journal   = {Personality and Social Psychology Bulletin},
  year      = {2003},
  volume    = {29},
  number    = {7},
  pages     = {819--833},
  publisher = {Sage Publications},
}

@Article{kamibeppu2005impact,
  author    = {Kamibeppu, Kiyoko and Sugiura, Hitomi},
  title     = {Impact of the mobile phone on junior high-school students' friendships in the Tokyo metropolitan area},
  journal   = {Cyberpsychology \& Behavior},
  year      = {2005},
  volume    = {8},
  number    = {2},
  pages     = {121--130},
  publisher = {Mary Ann Liebert, Inc. 2 Madison Avenue Larchmont, NY 10538 USA},
}

@InProceedings{herberg2015robot,
  author    = {Jonathan Herberg and Sebastian Feller and Ilker Yengin and Martin Saerbeck},
  title     = {Robot Watchfulness Hinders Learning Performance},
  booktitle = {{Proceedings of the 24th IEEE International Symposium on Robot and Human Interactive Communication}},
  year      = {2015},
  series    = {RO-MAN 2015},
  pages     = {153--160},
}

@Article{bartneck2009godspeed,
  author    = {Bartneck, Christoph and Kulić, Dana and Croft, Elizabeth and Zoghbi, Susana},
  title     = {{Measurement Instruments for the Anthropomorphism, Animacy, Likeability, Perceived Intelligence, and Perceived Safety of Robots}},
  journal   = {International Journal of Social Robotics},
  year      = {2009},
  volume    = {1},
  number    = {1},
  pages     = {71-81},
  issn      = {1875-4791},
  doi       = {10.1007/s12369-008-0001-3},
  publisher = {Springer Netherlands},
}

@Article{mayer2003social,
  author    = {Mayer, Richard E and Sobko, Kristina and Mautone, Patricia D},
  title     = {Social cues in multimedia learning: Role of speaker's voice},
  journal   = {Journal of Educational Psychology},
  year      = {2003},
  volume    = {95},
  number    = {2},
  pages     = {419--425},
  publisher = {American Psychological Association},
}

@Article{vanlehn2006behavior,
  author    = {Vanlehn, Kurt},
  title     = {The behavior of tutoring systems},
  journal   = {International Journal of Artificial Intelligence in Education},
  year      = {2006},
  volume    = {16},
  number    = {3},
  pages     = {227--265},
  publisher = {IOS Press},
}

@InProceedings{rae2013influence,
  author       = {Rae, Irene and Takayama, Leila and Mutlu, Bilge},
  title        = {The influence of height in robot-mediated communication},
  booktitle    = {Proceedings of the 8th ACM/IEEE international conference on Human-robot interaction},
  year         = {2013},
  pages        = {1--8},
  organization = {IEEE Press},
}

@Article{myers2007assessing,
  author    = {Myers, Carrie B and Myers, Scott M},
  title     = {Assessing assessment: The effects of two exam formats on course achievement and evaluation},
  journal   = {Innovative Higher Education},
  year      = {2007},
  volume    = {31},
  number    = {4},
  pages     = {227--236},
  publisher = {Springer},
}

@Article{langton2000mutual,
  author    = {Langton, Stephen RH},
  title     = {The mutual influence of gaze and head orientation in the analysis of social attention direction},
  journal   = {The Quarterly Journal of Experimental Psychology: Section A},
  year      = {2000},
  volume    = {53},
  number    = {3},
  pages     = {825--845},
  publisher = {Taylor \& Francis},
}

@Article{herrmann2007humans,
  author    = {Herrmann, Esther and Call, Josep and Hern{\'a}ndez-Lloreda, Mar{\'\i}a Victoria and Hare, Brian and Tomasello, Michael},
  title     = {Humans have evolved specialized skills of social cognition: the cultural intelligence hypothesis},
  journal   = {science},
  year      = {2007},
  volume    = {317},
  number    = {5843},
  pages     = {1360--1366},
  publisher = {American Association for the Advancement of Science},
}

@Article{han2008comparative,
  author    = {Han, Jeong-Hye and Jo, Mi-Heon and Jones, Vicki and Jo, Jun-H},
  title     = {Comparative study on the educational use of home robots for children},
  journal   = {Journal of Information Processing Systems},
  year      = {2008},
  volume    = {4},
  number    = {4},
  pages     = {159--168},
  publisher = {Korea Information Processing Society},
}

@Article{bailenson2005transformed,
  author    = {Bailenson, Jeremy N and Beall, Andrew C and Loomis, Jack and Blascovich, Jim and Turk, Matthew},
  title     = {Transformed social interaction, augmented gaze, and social influence in immersive virtual environments},
  journal   = {Human Communication Research},
  year      = {2005},
  volume    = {31},
  number    = {4},
  pages     = {511--537},
  publisher = {Wiley Online Library},
}

@Article{green1985reading,
  author  = {Green, Judith and Weade, Regina},
  title   = {Reading Between the Words: Social Cues to Lesson Participation},
  journal = {Theory Into Practice},
  year    = {1985},
  volume  = {24},
  number  = {1},
  pages   = {14--21},
  doi     = {10.1080/00405848509543141},
}

@Article{sweller1994cognitive,
  author    = {Sweller, John},
  title     = {Cognitive load theory, learning difficulty, and instructional design},
  journal   = {Learning and instruction},
  year      = {1994},
  volume    = {4},
  number    = {4},
  pages     = {295--312},
  publisher = {Elsevier},
}

@Book{bandura1963social,
  title     = {Social learning and personality development},
  publisher = {JSTOR},
  year      = {1963},
  author    = {Bandura, Albert and Walters, Richard H},
  volume    = {14},
}

@Article{peters2007gaining,
  author  = {Peters, Pamela},
  title   = {Gaining Compliance Through Non-Verbal Communication},
  journal = {Pepperdine Dispute Resolution Law Journal},
  year    = {2007},
  volume  = {7},
  number  = {1},
  pages   = {87--112},
}

@Book{perry2007scholarship,
  title     = {The Scholarship of Teaching and Learning in Higher Education: An Evidence-Based Perspective: An Evidence-based Perspective},
  publisher = {Springer Science \& Business Media},
  year      = {2007},
  author    = {Perry, Raymond P and Smart, John C},
}

@Article{roth2002up,
  author    = {Roth, Wolff-Michael and Lawless, Daniel V},
  title     = {When up is down and down is up: Body orientation, proximity, and gestures as resources},
  journal   = {Language in Society},
  year      = {2002},
  volume    = {31},
  number    = {01},
  pages     = {1--28},
  publisher = {Cambridge Univ Press},
}

@InProceedings{schermerhorn2008robot,
  author       = {Schermerhorn, Paul and Scheutz, Matthias and Crowell, Charles R},
  title        = {Robot social presence and gender: Do females view robots differently than males?},
  booktitle    = {Proceedings of the 3rd ACM/IEEE international conference on Human robot interaction},
  year         = {2008},
  pages        = {263--270},
  organization = {ACM},
}

@Article{alemi2015impact,
  author    = {Alemi, M and Meghdari, A and Ghazisaedy, M},
  title     = {The impact of social robotics on L2 learners' anxiety and attitude in english vocabulary acquisition},
  journal   = {International Journal of Social Robotics},
  year      = {2015},
  pages     = {1--13},
  publisher = {Springer},
}

@InProceedings{kipp2001anvil,
  author    = {Kipp, Michael},
  title     = {ANVIL - A Generic Annotation Tool for Multimodal Dialogue},
  booktitle = {Proceedings of the 7th European Conference on Speech Communication and Technology (Eurospeech)},
  year      = {2001},
  pages     = {1367--1370},
}

@InProceedings{schermerhorn2011disentangling,
  author    = {Schermerhorn, Paul and Scheutz, Matthias},
  title     = {Disentangling the effects of robot affect, embodiment, and autonomy on human team members in a mixed-initiative task},
  booktitle = {ACHI 2011, The Fourth International Conference on Advances in Computer-Human Interactions},
  year      = {2011},
  pages     = {236--241},
}

@Article{robinson1995validity,
  author    = {Robinson, Rena Y and Richmond, Virginia P},
  title     = {Validity of the verbal immediacy scale},
  journal   = {Communication Research Reports},
  year      = {1995},
  volume    = {12},
  number    = {1},
  pages     = {80--84},
  publisher = {Taylor \& Francis},
}

@Article{kuhl2007speech,
  author    = {Kuhl, Patricia K},
  title     = {Is speech learning `gated' by the social brain?},
  journal   = {Developmental science},
  year      = {2007},
  volume    = {10},
  number    = {1},
  pages     = {110--120},
  publisher = {Wiley Online Library},
}

@InProceedings{westlund2015comparison,
  author    = {Kory Westlund, Jacqueline and Dickens, Leah and Jeong, Sooyeon and Harris, Paul and DeSteno, David and Breazeal, Cynthia},
  title     = {A Comparison of Children Learning New Words from Robots, Tablets, \& People},
  booktitle = {Proceedings of the 1st International Conference on Social Robots in Therapy and Education (New Friends)},
  year      = {2015},
}

@InCollection{gullberg2002visual,
  author    = {Gullberg, Marianne and Holmqvist, Kenneth},
  title     = {Visual attention towards gestures in face-to-face interaction vs. on screen},
  booktitle = {Gesture and Sign Language in Human-Computer Interaction},
  publisher = {Springer},
  year      = {2002},
  pages     = {206--214},
}

@Article{bertolini2013robots,
  author    = {Bertolini, Andrea},
  title     = {Robots as products: the case for a realistic analysis of robotic applications and liability rules},
  journal   = {Law, Innovation and Technology},
  year      = {2013},
  volume    = {5},
  number    = {2},
  pages     = {214--247},
  publisher = {Taylor \& Francis},
}

@InProceedings{walters2005practical,
  author    = {Walters, Michael L and Woods, SN and Koay, Kheng Lee and Dautenhahn, Kerstin},
  title     = {Practical and methodological challenges in designing and conducting human-robot interaction studies},
  booktitle = {Proceedings of the AISB},
  year      = {2005},
  volume    = {5},
  pages     = {110--119},
}

@Article{cronbach2004my,
  author    = {Cronbach, Lee J and Shavelson, Richard J},
  title     = {My current thoughts on coefficient alpha and successor procedures},
  journal   = {Educational and psychological measurement},
  year      = {2004},
  volume    = {64},
  number    = {3},
  pages     = {391--418},
  publisher = {Sage Publications},
}

@InCollection{al2012furhat,
  author    = {Al Moubayed, Samer and Beskow, Jonas and Skantze, Gabriel and Granstr{\"o}m, Bj{\"o}rn},
  title     = {Furhat: a back-projected human-like robot head for multiparty human-machine interaction},
  booktitle = {Cognitive behavioural systems},
  publisher = {Springer},
  year      = {2012},
  pages     = {114--130},
}

@inproceedings{kennedy2015head,
  title={{Head Pose Estimation is an Inadequate Replacement for Eye Gaze in Child-Robot Interaction}},
  author={Kennedy, James and Baxter, Paul and Belpaeme, Tony},
  booktitle={Proceedings of the 10th ACM/IEEE {I}nternational {C}onference on {H}uman-{R}obot {I}nteraction Extended Abstracts},
  pages={35--36},
  year={2015},
  organization={ACM},
  doi={10.1145/2701973.2701988}
}

@inproceedings{kennedy2015less,
  title={{Can Less be More? The Impact of Robot Social Behaviour on Human Learning}},
  author={Kennedy, James and Baxter, Paul and Belpaeme, Tony},
  booktitle={{Proceedings of the 4th International Symposium on New Frontiers in {HRI} at {AISB} 2015}},
  year={2015},
  location={Canterbury, UK}
}

@book{hewett1992acm,
  title={ACM SIGCHI Curricula for Human-Computer Interaction},
  author={Hewett, Thomas T and Baecker, Ronald and Card, Stuart and Carey, Tom and Gasen, Jean and Mantei, Marilyn and Perlman, Gary and Strong, Gary and Verplank, William},
  year={1992},
  publisher={ACM}
}

@conference{kruijff2014oat,
  author={Ivana Kruijff-Korbayova and Elettra Oleari and Ilaria Baroni and Bernd Kiefer and Mattia Coti Zelati and Clara Pozzi and Alberto Sanna},
  booktitle={Proceedings of the 23rd IEEE International Symposium on Robot and Human Interactive Communication},
  title={{E}ffects of {O}ff-{A}ctivity {T}alk in {H}uman-{R}obot {I}nteraction with {D}iabetic {C}hildren},
  year={2014},
  pages={649--654},
  series={RO-MAN 2014}
}

@inproceedings{baxter2014tracking,
  title={Tracking Gaze over Time in {HRI} as a Proxy for Engagement and Attribution of Social Agency},
  author={Baxter, Paul and others},  
  booktitle={Proc. of the 9th ACM/IEEE {I}nt. {C}onf. on {HRI}},
  year={2014},
  location={Bielefeld, Germany},
  pages={126--127},
  DOI={10.1145/2559636.2559829}
}

@inproceedings{leite2012modelling,
  title={{Modelling Empathic Behaviour in a Robotic Game Companion for Children: an Ethnographic Study in Real-World Settings}},
  author={Leite, Iolanda and Castellano, Ginevra and Pereira, Andr{\'e} and Martinho, Carlos and Paiva, Ana},
  booktitle={Proceedings of the 7th ACM/IEEE International Conference on Human-Robot Interaction},
  pages={367--374},
  year={2012},
  organization={ACM}
}

@article{leite2013social,
  title={Social Robots for Long-Term Interaction: A Survey},
  author={Leite, Iolanda and Martinho, Carlos and Paiva, Ana},
  journal={International Journal of Social Robotics},
  pages={291--308},
  year={2013},
  publisher={Springer},
  volume={5},
  number={2},
  doi={10.1007/s12369-013-0178-y}
}

@book{mikulas1977learning,
  booktitle = {{Psychology of Learning : Readings}},
  title={Introduction: The Nature of Learning},
  author = {Mikulas, William L},
  publisher = {Nelson Hall},
  location={Chicago, Illinois},
  year = {1977},
  isbn = {0882292269}
}

@article{belpaeme2012multimodal,
  title={{Multimodal Child-Robot Interaction: Building Social Bonds}},
  author={Tony Belpaeme and Paul Baxter and Robin Read and Rachel Wood and Heriberto Cuay{\'a}huitl and Bernd Kiefer and Stefania Racioppa and Ivana Kruijff-Korbayov{\'a} and Georgios Athanasopoulos and Valentin Enescu and Rosemarijn Looije and Mark Neerincx and Yiannis Demiris and Raquel Ros-Espinoza and Aryel Beck and Lola Ca{\~n}amero and Antoine Hiolle and Matthew Lewis and Ilaria Baroni and Marco Nalin and Piero Cosi and Guilio Paci and Fabio Tesser and Giacomo Sommavilla and Remi Humbert},
  journal={Journal of Human-Robot Interaction},
  volume={1},
  number={2},
  pages={33--53},
  year={2012}
}

@inproceedings{kennedy2015higher,
  author={James Kennedy and Paul Baxter and Emmanuel Senft and Tony Belpaeme},
  booktitle={{Proceedings of the International Conference on Social Robotics}},
  year={2015},
  title={{Higher Nonverbal Immediacy Leads to Greater Learning Gains in Child-Robot Tutoring Interactions}},
  pages={327--336},
  publisher={Springer}
}

@article{henkemans2013using,
  author = "Olivier A. {Blanson Henkemans} and Bert P.B. Bierman and Joris Janssen and Mark A. Neerincx and Rosemarijn and Hanneke {van der Bosch} and Jeanine A.M. {van der Giessen}",
  journal = "Patient Education and Counseling",
  volume = "92",
  number={2},
  pages={174--181},
  title = "{U}sing a robot to personalise health education for children with diabetes type 1: {A} pilot study ",
  year = "2013"
}

@inproceedings{gordon2015curiosity,
  title={{Can Children Catch Curiosity from a Social Robot?}},
  author={Gordon, Goren and Breazeal, Cynthia and Engel, S.},
  organization={ACM},
  year={2015},
  booktitle={{Proceedings of the 10th ACM/IEEE International Conference on Human-Robot Interaction}},
  @booktitle={Proc. of the 10th ACM/IEEE {I}nt. {C}onf. on {HRI}},
  pages={91--98}
}

@inproceedings{kennedy2015robot,
  title={{The Robot Who Tried Too Hard: Social Behaviour of a Robot Tutor Can Negatively Affect Child Learning}},
  author={Kennedy, James and Baxter, Paul and Belpaeme, Tony},
  booktitle={{Proceedings of the 10th ACM/IEEE {I}nternational {C}onference on {H}uman-{R}obot {I}nteraction}},
  pages={67--74},
  year={2015},
  organization={ACM},
  doi={10.1145/2696454.2696457}
}

@inproceedings{short2014train,
  title={{How to Train Your DragonBot: Socially Assistive Robots for Teaching Children About Nutrition Through Play}},
  author={Short, Elaine and Swift-Spong, Katelyn and Greczek, Jillian and Ramachandran, Aditi and Litoiu, Alexandru and Grigore, Elena Corina and Feil-Seifer, David and Shuster, Samuel and Lee, Jin Joo and Huang, Shaobo and Levonisova, Svetlana and Litz, Sarah and Li, Jamy and Ragusa, Gisele and Spruijt-Metz, Donna and Matari\'{c}, Maja and Scassellati, Brian},
  organization={IEEE},
  year={2014},
  booktitle={{Proceedings of the 23rd IEEE International Symposium on Robot and Human Interactive Communication}},
  series={RO-MAN 2014},
  pages={924--929}
}

@inproceedings{baxter2013emergence,
  title={Emergence of turn-taking in unstructured child-robot social interactions},
  author={Baxter, Paul and Wood, Rachel and Baroni, Ilaria and Kennedy, James and Nalin, Marco and Belpaeme, Tony},
  booktitle={Proceedings of the 8th ACM/IEEE International Conference on Human-Robot Interaction},
  pages={77--78},
  year={2013},
  organization={IEEE Press}
}

@article{richmond2003development,
  title={{Development of the Nonverbal Immediacy Scale (NIS): Measures of Self- and Other-Perceived Nonverbal Immediacy}},
  author={Richmond, Virginia P and McCroskey, James C and Johnson, Aaron D},
  journal={Communication Quarterly},
  volume={51},
  number={4},
  pages={504--517},
  year={2003},
  publisher={Taylor \& Francis}
}

@article{kanda2004interactive,
  title={{Interactive Robots as Social Partners and Peer Tutors for Children: A Field Trial}},
  author={Kanda, Takayuki and Hirano, Takayuki and Eaton, Daniel and Ishiguro, Hiroshi},
  journal={Human-Computer Interaction},
  volume={19},
  number={1},
  pages={61--84},
  year={2004}
}

@inproceedings{leyzberg2012physical,
  author={Leyzberg, Daniel and Spaulding, Samuel and Toneva, Mariya and Scassellati, Brian},
  title={The Physical Presence of a Robot Tutor Increases Cognitive Learning Gains},
  booktitle={{Proceedings of the 34th Annual Conference of the Cognitive Science Society}},
  series={CogSci 2012},
  pages={1882--1887},
  editors={Miyake, N and Peebles, D and Cooper, R P},
  year={2012},
  location={Sapporo, Japan}
}

@article{witt2004meta,
  title={{A Meta-Analytical Review of the Relationship Between Teacher Immediacy and Student Learning}},
  author={Witt, Paul L and Wheeless, Lawrence R and Allen, Mike},
  journal={Communication Monographs},
  volume={71},
  number={2},
  pages={184--207},
  year={2004},
  publisher={Taylor \& Francis}
}

@inproceedings{kennedy2016social,
  title={{Social Robot Tutoring for Child Second Language Learning}},
  author={Kennedy, James and Baxter, Paul and Senft, Emmanuel and Belpaeme, Tony},
  booktitle={{Proceedings of the 11th ACM/IEEE {I}nternational {C}onference on {H}uman-{R}obot {I}nteraction}},
  pages={67--74},
  year={2016},
  organization={ACM}
}

@article{alemi2014employing,
  title={{Employing Humanoid Robots for Teaching English Language in Iranian Junior High-Schools}},
  author={Alemi, Minoo and Meghdari, Ali and Ghazisaedy, Maryam},
  journal={International Journal of Humanoid Robotics},
  volume={11},
  number={3},
  year={2014},
  publisher={World Scientific},
  doi={10.1142/S0219843614500224}
}